2784 5092
584 570 627 633 49

86 806 176 875 quae
206 789 340 853 tutelam
368 789 515 853 universe
540 799 664 867 tractat,
685 812 756 854 eam
776 788 908 855 locasset
924 798 950 853 ¹.
1000 784 1113 873 Neque

81 932 136 985 est
160 922 228 985 ulla
247 922 340 999 ratio,
363 943 421 985 cur
440 914 613 1008 legislator{
632 921 689 986 ubi
709 931 851 986 tutorum
871 922 1051 986 dativorum
1073 924 1111 986 fi-

82 1052 161 1119 dem
193 1054 381 1119 confirmare
406 1054 614 1139 jurejurando
633 1064 778 1132 conatur,
804 1054 922 1139 quippe
942 1054 995 1139 qui
1017 1077 1109 1139 saepe

82 1188 180 1251 nullo
203 1187 345 1254 adstricti
363 1198 437 1253 sunt
456 1188 573 1253 affectu
590 1212 666 1276 erga
694 1188 832 1275 pupillos
849 1189 901 1253 vel
924 1212 1033 1254 eorum
1053 1212 1110 1275 pa-

84 1331 208 1399 rentes,
242 1320 326 1385 idem
359 1320 421 1385 hoc
451 1321 651 1407 spectaverit,
682 1344 756 1386 cum
776 1320 837 1406 ipsi
859 1330 1004 1407 parentes
1026 1332 1110 1386 tute-

85 1453 305 1540 hungerum,
328 1455 438 1517 autin
460 1455 655 1519 testamentis
683 1455 744 1540 ipsi
766 1452 913 1519 honestos
932 1456 1110 1541 probosque

86 1586 152 1651 sibi
187 1587 271 1651 visos
307 1596 427 1651 tutores
450 1569 608 1675 eligerunt
627 1587 735 1653 liberis
766 1588 842 1667 suis,
867 1612 1002 1673 quorum
1035 1614 1111 1656 sane

13 1777 14 1782 ,
87 1720 195 1785 bonae
231 1719 305 1785 fidei
339 1721 407 1785 nlla
433 1720 514 1808 legis
548 1721 787 1787 confirmatione
822 1745 902 1809 opus
932 1746 1010 1802 esse,
1045 1747 1110 1791 non

88 1866 138 1921 est
171 1855 447 1942 praesumendum.
494 1857 719 1944 Restringatur
747 1879 823 1944 ergo
851 1857 931 1944 legis
961 1881 1110 1946 praecep·

89 2002 175 2071 tum,
207 1990 292 2075 quod
319 1991 353 2054 in
385 1989 466 2057 (lod.
500 1991 656 2055 Francico
685 2010 751 2055 non
780 1990 954 2068 invenitur,
979 1990 1019 2055 ad
1039 2014 1103 2070 eos,

90 2148 174 2211 quos
204 2125 273 2211 ipsa
302 2124 355 2189 lex
384 2123 589 2189 demonstrat.
637 2122 733 2205 Quod
756 2124 782 2188 si
799 2122 873 2190 loti
893 2124 932 2189 de
954 2126 1112 2191 tutoribus

88 2254 256 2342 legitimis,
280 2252 407 2339 proprie
426 2252 471 2317 sic
503 2251 606 2330 dictis,
649 2274 686 2316 ac
707 2253 957 2317 testamentariis
993 2254 1112 2319 hancce

87 2397 240 2453 moveant
266 2387 492 2471 quaestionem,
525 2386 609 2450 idem
633 2384 802 2449 dicendum
829 2385 869 2450 de
891 2385 1033 2472 legitima
1060 2396 1112 2453 tu-

88 2518 154 2581 tela
184 2526 352 2603 parentum
371 2514 577 2590 naturalium,
613 2536 703 2598 quos,
739 2514 765 2578 ai
796 2514 892 2579 semel
913 2514 981 2600 ipso
997 2514 1112 2601 jurea

92 2648 274 2735 legislatore
306 2655 425 2711 tutores
453 2646 702 2723 constituuntur,
742 2647 844 2733 magis
881 2646 987 2713 odiose
1017 2670 1112 2733 quam

92 2791 215 2845 ceteros
242 2778 443 2855 considerari,
471 2779 567 2842 nulla
596 2788 644 2842 est
675 2769 789 2846 iddnea
819 2779 911 2843 ratio.
961 2778 1111 2845 Ceterum

93 2896 288 2997 magnopere
308 2932 383 2975 cum
402 2906 446 2975 V.
468 2910 519 2974 ·D.
544 2927 593 2974 nn
615 2928 726 2975 muro
750 2909 789 2996 (l.
814 2910 858 3000 l.)
889 2909 1013 2977 dicente
1035 2912 1112 2978 faci-

92 3065 189 3108 mus:
226 3041 316 3121 „het
337 3028 465 3107 is'eene
486 3043 624 3108 erkende
642 3044 814 3122 waarheid‚
838 3043 915 3109 door
938 3044 977 3109 de
998 3045 1111 3110 ender-

94 3178 230 3265 vinding
267 3176 442 3263 bevestigd‚
472 3176 527 3241 dat
552 3200 626 3241 men
647 3177 791 3243 door'de
816 3176 913 3255 eaden
947 3177 1112 3242 noodeloos

13 3303 14 3380 J
95 3318 126 3373 te
159 3308 489 3396 vermenigvuldigem
522 3310 584 3375 den
604 3309 729 3375 eerbied
750 3331 828 3374 vocr
846 3307 993 3373 dezelven
1025 3329 1112 3373 meer

97 3465 137 3506 en
157 3463 245 3506 meer
264 3441 469 3519 vermindera
493 3464 534 3512 en
555 3442 609 3507 dat
628 3443 690 3508 hoe
709 3465 795 3507 meer
826 3440 923 3506 eeden
945 3462 1018 3505 men
1040 3461 1113 3504 vor·

13 3585 14 3606 *
96 3577 176 3655 dert,
212 3577 274 3640 hoe
303 3575 533 3663 ligtvaardiger
559 3578 596 3664 aij
627 3552 762 3664 godeau,
798 3588 837 3643 eu
867 3576 928 3641 hoe
949 3574 1114 3663 spoediger

13 3757 14 3804 3
96 3713 131 3797 zij
155 3720 307 3797 vergeten
327 3708 492 3773 worden.”

132 3862 140 3891 ¹
161 3861 201 3915 Cf
226 3874 392 3921 orzoonna.
413 3861 475 3932 I.p
495 3868 643 3917 186-188.
658 3879 758 3932 asana,
779 3883 807 3935 p.
825 3870 884 3932 186,
900 3852 1116 3935 4”.εοΗϋιιιεκ,

13 3969 14 4022 1
99 3954 209 4007 adart.
231 3952 400 4009 4‘19.0.C.
425 3969 464 4007 na
488 3968 591 4020 muro,
620 3955 660 4026 ΙΙ,
687 3959 783 4024 §²⁶²-
991 4010 994 4017 ,

13 4051 15 4070 ’
965 4054 978 4089 ι
