2784 5092
727 486 767 551 82

235 709 338 775 media
370 708 454 795 patri
481 686 633 771 ¹distincte
665 727 731 771 non
765 717 869 773 essent
900 704 1016 786 delata,
1053 706 1080 772 si
1113 705 1267 791 utrisque

233 843 418 930 parentibus
452 840 638 927 aequaliter,
675 851 733 907 aut
766 841 878 907 saltem
911 842 1006 908 matri
1043 843 1103 909 soli
1135 843 1267 931 patriae

234 975 397 1059 potestatis
412 973 603 1039 exercendae
627 973 739 1039 fuisset
760 973 881 1039 tributa
903 974 1048 1041 facultas
1075 975 1128 1054 Et,
1160 997 1266 1060 quae·

234 1126 281 1182 so,
304 1103 382 1187 quid
403 1103 491 1167 aliud
513 1112 561 1168 est
583 1102 720 1188 patriam
745 1112 931 1189 potestatem
954 1103 988 1167 in
1014 1102 1130 1168 liberos
1166 1125 1265 1167 exer·

173 1270 177 1278 ·
237 1259 320 1314 cere,
352 1236 414 1301 nisi
446 1236 485 1299 iis
514 1234 755 1312 habitationem,
788 1234 943 1300 educandi
976 1233 1113 1337 modum
1140 1242 1172 1298 et
1208 1232 1266 1296 in-

236 1368 400 1446 stituendi,
441 1366 681 1443 administrare3
723 1376 754 1430 et
786 1367 839 1431 cui
871 1365 1060 1431 inservirent
1092 1366 1138 1431 rei
1177 1365 1264 1453 legis

236 1500 296 1563 ista
317 1499 444 1585 placita,
470 1521 552 1583 quae
582 1508 706 1585 patrem
729 1498 884 1584 imprimis
920 1498 1089 1577 muniunt,
1125 1498 1152 1563 si
1185 1520 1265 1585 gra·

237 1633 398 1697 vissimam
418 1633 539 1731 patriae
560 1632 724 1718 potestatis
746 1641 868 1718 partem
901 1634 996 1697 matri
1015 1633 1267 1716 relinquendum

236 1777 329 1844 esset,
359 1776 416 1831 aut
451 1789 525 1831 cum
562 1766 618 1831 illa
652 1765 883 1831 dividendum?

282 1899 330 1963 Eo
347 1900 449 1986 magis
471 1923 546 1964 vero
568 1900 724 1965 sententia
745 1899 801 1963 illa
823 1899 1005 1986 praevalere
1016 1898 1108 1965 nobis
1118 1898 1261 1979 videtur,

238 2054 338 2116 quum
358 2031 411 2096 hic
432 2042 523 2119 pater
544 2043 731 2119 potestatem
748 2034 853 2118 patris
875 2032 970 2097 simul
996 2044 1027 2097 et
1056 2035 1165 2098 tutoris
1184 2056 1265 2099 auc-

239 2146 398 2233 toritatem
429 2170 643 2256 amplectitur,
675 2179 709 2234 et
736 2170 780 2235 ita
807 2136 949 2254 quaestio
974 2192 1041 2235 esse
1063 2179 1200 2254 nequeat
1221 2170 1265 2235 de

240 2302 402 2380 conflictu,
436 2303 491 2387 qui
519 2309 662 2380 v'ocatur,
691 2310 855 2388 parentem
882 2302 966 2365 inter
991 2312 1087 2386 atque
1108 2311 1262 2381 tutorem,

243 2458 349 2499 coram
383 2457 553 2519 quemnam
583 2435 624 2499 sit
658 2434 787 2521 propria
822 2434 881 2513 „la
905 2437 1000 2520 parda
1027 2448 1055 2501 at
1083 2436 1285 2527 adacnna'st

239 2566 413 2633 liberorum
430 2572 467 2643 1;
493 2567 576 2632 duae
597 2567 698 2653 igitur
723 2578 798 2633 sunt
820 2568 968 2646 rationes,
994 2570 1111 2653 quibus
1131 2569 1185 2635 hic
1205 2593 1265 2656 pa·

229 2701 296 2785 ¹tris
317 2702 431 2766 nititur
453 2702 669 2789 superioritas.

284 2836 356 2901 Lex
378 2836 446 2923 ipsa
467 2837 587 2901 hancce
597 2836 774 2901 doctrinam
786 2836 931 2915 sancivit,
956 2836 1040 2923 patri
1061 2836 1266 2923 potissimum

245 2963 340 3049 (Art.
356 2969 397 3032 97
411 2966 451 3033 C.
462 2967 523 3057 C.)
534 2969 704 3033 arbitrium
713 2968 909 3051 relinquens,
922 2979 959 3035 ut
970 2992 1100 3035 assensu
1114 2992 1173 3035 suo
1184 2970 1267 3037 libe·
1319 3048 1325 3055 ‚

240 3121 350 3163 rorum
372 3101 566 3166 naturalium
589 3104 773 3189 comprobet
785 3103 924 3190 nuptias,
939 3126 998 3169 nec
1009 3127 1072 3181 ne3
1098 3064 1267 3171 deficiente

241 3243 331 3319 patre
353 3244 410 3299 aut
432 3258 497 3299 non
515 3246 719 3324 agnoscente,
744 3236 779 3301 id
795 3236 924 3302 demum
945 3238 1039 3302 matri
1049 3237 1265 3324 permittitnr3

241 3366 328 3450 quod
357 3367 462 3432 denuo
485 3378 533 3433 est
561 3369 683 3454 patriae
714 3370 906 3436 exercendae
938 3372 1102 3458 potestatis
1123 3373 1268 3459 'sequela

242 3499 357 3579 civilis,
389 3523 486 3585 quam
520 3511 606 3569 certe
628 3501 791 3590 legislator
811 3504 988 3591 specialiter
1007 3527 1073 3572 non
1096 3505 1156 3573 soli
1177 3528 1265 3572 com-

277 3743 284 3774 ¹
305 3742 349 3797 cf.
363 3745 434 3799 Sect.
455 3744 496 3813 11,
522 3748 537 3813 ξ
562 3753 589 3815 4,
609 3763 676 3818 pag.
696 3753 730 3801 50
749 3763 810 3819 sqq.
