2784 5092
339 1413 517 1470 QUODNAM
543 1412 596 1459 slr
627 1410 847 1477 nonnolnmu
876 1410 1083 1458 LIBERORUM
1110 1414 1219 1462 NATU-

403 1547 542 1593 annruu
561 1546 635 1593 nou
654 1545 877 1605 Acurronuu,
900 1546 995 1591 nuru
1010 1546 1160 1594 ruronrs
1201 1518 1202 1521 '

635 1676 925 1724 nonuunnonuu.

296 2094 396 2160 -Duo
428 2095 552 2161 diversa
587 2096 622 2161 in
660 2096 742 2163 cod.
775 2106 882 2161 nostro
921 2097 1081 2163 minorum
1119 2122 1288 2165 numeran-

273 2237 327 2292 tur
356 2229 526 2308 domioilia,
559 2238 655 2315 prout
673 2230 741 2293 scil.
775 2230 827 2294 vei
851 2239 1019 2315 parentum
1038 2232 1185 2315 potestati
1214 2232 1288 2297 sub-

273 2372 359 2441 sunt,
390 2363 442 2427 vel
478 2372 621 2427 tutorum
655 2362 836 2427 auctoritati
869 2366 897 2425 ¹.
934 2360 1069 2425 Illorum
1106 2363 1190 2427 enirn
1229 2364 1289 2429 mi-

275 2495 404 2559 nisterio
429 2495 506 2578 jura
535 2502 682 2557 exercent
716 2516 785 2571 sua;
818 2493 946 2557 illorum
975 2503 1112 2559 utuntur
1140 2518 1285 2581 persona,

274 2637 312 2691 ut
344 2628 379 2690 in
393 2625 521 2711 judiciis
556 2648 630 2688 cum
651 2624 731 2689 aliis
760 2625 974 2711 experiantur,
1007 2636 1064 2690 aut
1093 2628 1209 2692 actioni
1238 2628 1288 2693 in-

274 2761 402 2824 stitutae
430 2758 650 2843 respondeant3
676 2757 762 2844 apud
792 2781 844 2823 eos
873 2759 984 2846 vulgo,
1006 2758 1088 2843 quae
1116 2761 1289 2827 liberorum

273 2903 390 2959 statum
419 2891 565 2967 attinent,
597 2900 669 2955 acta
697 2900 772 2955 sunt
800 2891 951 2977 deposita3
983 2886 1129 2978 parentes
1153 2904 1186 2958 et
1206 2904 1291 2961 tuto·

273 3049 324 3091 res
353 3024 488 3108 denique
516 3046 591 3087 cum
619 3024 794 3089 minoribus
837 3025 1007 3111 pupillisve
1034 3049 1092 3112 pro
1122 3050 1189 3091 una
1232 3027 1291 3093 ha·
1322 3070 1327 3075 -

275 3158 393 3222 bentur
427 3180 572 3243 persona.
611 3137 687 3221 Non
722 3178 798 3221 vero
831 3156 992 3243 legislator
1028 3168 1145 3237 noster,
1185 3183 1290 3245 neque

275 3290 360 3369 Ioui,
378 3290 433 3375 qui
452 3290 649 3376 interpretati
670 3299 745 3353 sunt
769 3300 830 3355 art.
857 3290 898 3355 78
916 3289 955 3357 C.
971 3290 1025 3369 C.‚
1044 3314 1150 3356 secum
1159 3302 1290 3379 reputa·

273 3448 358 3503 vere,
392 3425 488 3490 etiam
516 3433 639 3510 praeter
667 3423 845 3521 nourinatos
874 3424 1021 3493 exsistere
1049 3424 1198 3502 minores,
1231 3425 1290 3509 qui

274 3559 441 3623 amborum
479 3566 647 3644 parentum
682 3526 887 3642 tutorurnque
928 3567 1036 3623 carent
1075 3558 1205 3635 auxilio,
1245 3558 1289 3623 li-

312 3781 320 3813 ¹
353 3780 397 3834 cf.
426 3781 487 3834 Art.
521 3780 553 3833 78
576 3779 607 3834 O.
634 3780 666 3835 0.
693 3780 927 3854 „minderjarigen
947 3780 1045 3852 volgen
1065 3782 1099 3836 de
1118 3780 1293 3851 woouplauts

273 3891 327 3926 van
350 3874 440 3927 hunne
462 3874 559 3929 cudero
579 3873 612 3927 of
632 3874 786 3944 voogdeu.''
