2784 5092
754 572 798 636 20

269 793 769 860 declarationcmincummunem
778 791 947 858 utilitatem
969 792 1040 881 lege
1049 794 1303 881 praescriptam.

269 909 342 990 Hoc
374 949 414 991 ex
445 927 514 1013 ipsa
542 924 622 1012 legis
644 923 775 988 historia
796 933 891 1008 atque
913 925 1018 990 verbis
1039 935 1130 1013 patet
1149 931 1178 1004 ¹,
1210 949 1309 1011 quae

269 1058 353 1124 clare
391 1057 579 1144 legislatoris
618 1055 826 1133 voluntatem,
869 1056 1016 1140 publicae
1048 1056 1161 1122 salutis
1193 1081 1307 1124 causa

269 1189 466 1275 privatorum
498 1209 737 1271 nonnumquam
768 1187 933 1252 commoda
971 1211 1038 1254 esse
1075 1189 1303 1277 negligenda,

271 1321 449 1385 enuntiant.
509 1317 743 1404 Jusjurandum
776 1316 1038 1404 Hippocraticum
1070 1320 1175 1419 ipsum
1221 1345 1306 1387 vcr-

269 1452 319 1516 bis
338 1451 402 1516 suis
434 1434 566 1516 eandem
597 1449 816 1536 complectitur
848 1451 1035 1516 sententiam
1065 1457 1094 1516 ².
1127 1453 1192 1518 Htc
1216 1477 1305 1520 vero
1371 1436 1372 1439 ¹

272 1585 366 1648 etiam
390 1605 466 1648 sana
487 1584 567 1647 ratio
605 1592 637 1648 et
658 1579 852 1646 cousuetudo
875 1604 971 1668 supra
992 1582 1053 1648 hac
1076 1583 1115 1648 de
1137 1606 1172 1648 re
1193 1599 1314 1670 expo·

272 1716 332 1780 sita
364 1709 577 1791 sanciverunt,
603 1713 648 1776 ita
668 1722 707 1775 ut
728 1711 813 1799 apud
834 1712 971 1777 medicos
993 1737 1059 1778 non
1080 1715 1219 1800 amplius
1261 1715 1307 1779 de

276 1847 391 1935 agendi
412 1847 506 1912 modo
528 1845 719 1932 ambigatur.
754 1843 891 1932 Insuper
919 1845 980 1911 hoc
1002 1846 1182 1911 addendum
1204 1848 1303 1912 vide-

271 1991 343 2044 tur:
370 1980 438 2065 ipsa
469 1978 522 2042 lex
561 1977 671 2042 matris
703 1977 738 2040 in
769 1977 847 2040 actis
886 1977 1023 2042 nominis
1055 1977 1303 2062 inscriptionem

272 2113 402 2178 minime
433 2110 590 2198 prohibet,
625 2109 681 2174 ubi
715 2107 791 2174 Art.
828 2111 891 2174 132
926 2110 1020 2179 (1.0.
1045 2111 1303 2199 distincte-legi.

270 2268 341 2310 mus
363 2255 452 2309 extra
474 2244 600 2330 nuptias
630 2243 729 2329 patris
751 2264 867 2308 nomen
889 2244 974 2330 apud
996 2255 1066 2310 acta
1087 2245 1245 2312 declarari
1269 2255 1302 2311 et

271 2378 401 2443 inscribi
422 2399 487 2440 non
507 2376 641 2454 licere³,
664 2375 748 2459 quod
758 2376 819 2440 hac
828 2375 908 2462 legis
917 2386 1042 2440 nostrae
1058 2377 1172 2442 nititur
1183 2380 1302 2467 regula

276 2509 500 2598 „paternitatis
509 2518 555 2572 est
565 2507 732 2572 interdicta
743 2508 947 2609 perquisitio”
961 2507 1055 2595 (Art.
1076 2513 1140 2576 342
1160 2510 1295 2602 C.C.);

275 2639 483 2704 maternitatis
491 2649 601 2704 contra
611 2662 685 2704 cum
692 2640 734 2704 sit
742 2641 929 2726 permissum
937 2642 1129 2729 investigare
1137 2646 1298 2744 originem

277 2774 370 2861 (Art.
384 2776 449 2841 343
465 2773 505 2842 O·
524 2773 596 2863 0.),
613 2773 703 2838 nulla
711 2774 800 2860 justa
809 2774 888 2838 ratio
901 2774 969 2838 dari
983 2798 1074 2862 posse
1086 2776 1225 2856 videtur,
1237 2799 1298 2842 cur

315 2950 324 2984 ¹
352 2949 414 3004 Art.
434 2954 485 3003 878
511 2948 544 3004 C.
569 2949 603 3003 Ρ.
629 2949 767 3018 ‚‚Genccs·
785 2967 819 3004 en
846 2951 1033 3005 heelmeesters
1044 2990 1140 3006 .....
1160 2955 1248 3008 enirm
1265 2955 1298 3007 αι

229 3113 240 3124 x
275 3043 393 3110 cavallera
410 3041 514 3094 waurin
531 3042 563 3095 de
586 3043 700 3096 wellen
723 3044 832 3112 oerpb'qt
853 3059 893 3095 om
909 3045 1071 3113 contraper
1085 3054 1109 3098 te
1128 3046 1243 3100 wezea.”

316 3153 325 3176 ¹
352 3155 454 3211 Jurant
479 3154 591 3223 Medici,
621 3155 747 3226 Chirurgi
771 3162 799 3210 et
824 3155 898 3211 Artis
928 3154 1109 3210 Obstetriciae
1138 3156 1295 3211 Doctores:

279 3250 337 3318 „Se
362 3247 455 3302 audite
481 3247 525 3302 vel
551 3248 609 3302 visa
626 3246 699 3301 inter
715 3250 874 3314 curandum,
894 3250 948 3301 nisi
967 3248 1133 3317 Reipublicae
1155 3266 1186 3301 ea
1205 3249 1300 3319 efferri

277 3341 386 3409 intersit,
411 3340 510 3393 silentio
532 3340 728 3410 oppressuros.”
762 3341 865 3394 Besluit
884 3359 938 3392 van
958 3345 973 3392 6
993 3341 1143 3395 December
1164 3346 1243 3410 1815,
1262 3347 1296 3395 31

277 3433 336 3488 Mei
356 3437 434 3500 1818,
455 3432 526 3487 Stbl.
546 3433 594 3485 n⁰.
613 3437 645 3486 63
665 3439 694 3486 et
714 3437 745 3485 19
765 3433 859 3487 Maart
880 3438 957 3499 1839,
979 3432 1049 3486 Stbl.
1067 3440 1114 3484 n0.
1136 3437 1180 3484 89.

318 3529 329 3562 ³
360 3527 421 3583 Art.
442 3533 475 3582 82
494 3526 527 3590 C.
548 3526 580 3582 O.
601 3527 763 3595 „Wanneer
779 3527 827 3582 het
843 3528 912 3581 kind
930 3527 1024 3581 buiten
1042 3526 1105 3581 echt
1124 3528 1245 3598 geboren
1262 3525 1293 3589 is,

278 3638 343 3692 meg
361 3622 395 3675 de
412 3637 495 3674 naam
513 3621 561 3674 des
578 3621 676 3674 vadere
693 3619 752 3675 niet
768 3619 807 3690 bij
829 3621 864 3673 de
881 3619 946 3674 akte
964 3619 1075 3673 worden
1094 3619 1228 3686 vermeld,
1248 3625 1297 3670 ten

278 3731 351 3769 ware
369 3714 434 3767 dezc
451 3713 498 3766 het
515 3711 594 3780 kind,
614 3711 695 3783 hetzij
715 3712 744 3766 iu
761 3729 887 3784 persoon‚
907 3711 989 3783 hetzij
1009 3712 1171 3766 dooreencn
1182 3725 1295 3781 gemeg-

278 3807 364 3878 tigde,
393 3804 583 3876 bijzonderlijk
614 3805 727 3860 daartoe
753 3804 792 3876 bij
821 3789 996 3860 authentiele
1024 3803 1090 3858 alite
1115 3802 1292 3874 congestae,

279 3897 427 3957 antonne-’⁹
