<?xml version="1.0" encoding="UTF-8"?>
<!DOCTYPE html PUBLIC "-//W3C//DTD XHTML 1.0 Transitional//EN"
    "http://www.w3.org/TR/xhtml1/DTD/xhtml1-transitional.dtd">
<html xmlns="http://www.w3.org/1999/xhtml" xml:lang="en" lang="en">
 <head>
  <title>
</title>
<meta http-equiv="Content-Type" content="text/html;charset=utf-8" />
  <meta name='ocr-system' content='tesseract 3.04.00' />
  <meta name='ocr-capabilities' content='ocr_page ocr_carea ocr_par ocr_line ocrx_word'/>
</head>
<body>
  <div class='ocr_page' id='page_1' title='image "./specimenjuridic00lagugoog_0067.png"; bbox 0 0 2784 5092; ppageno 0'>
   <div class='ocr_carea' id='block_1_1' title="bbox 750 526 792 591">
    <p class='ocr_par' dir='ltr' id='par_1_1' title="bbox 750 526 792 591">
     <span class='ocr_line' id='line_1_1' title="bbox 750 526 792 591; baseline -0.048 0"><span class='ocrx_word' id='word_1_1' title='bbox 750 526 792 591; x_wconf 82' lang='lat'>54</span> 
     </span>
    </p>
   </div>
   <div class='ocr_carea' id='block_1_2' title="bbox 263 748 1298 2022">
    <p class='ocr_par' dir='ltr' id='par_1_2' title="bbox 263 748 1298 2022">
     <span class='ocr_line' id='line_1_2' title="bbox 264 748 1290 834; baseline 0.002 -22"><span class='ocrx_word' id='word_1_2' title='bbox 264 750 327 826; x_wconf 87' lang='lat' dir='ltr'>vel,</span> <span class='ocrx_word' id='word_1_3' title='bbox 353 757 394 819; x_wconf 79' lang='lat' dir='ltr'>eo</span> <span class='ocrx_word' id='word_1_4' title='bbox 413 748 600 824; x_wconf 87' lang='lat' dir='ltr'>deficiente,</span> <span class='ocrx_word' id='word_1_5' title='bbox 626 748 738 825; x_wconf 89' lang='lat' dir='ltr'>matri;</span> <span class='ocrx_word' id='word_1_6' title='bbox 772 770 875 834; x_wconf 85' lang='lat' dir='ltr'>neque</span> <span class='ocrx_word' id='word_1_7' title='bbox 905 770 1046 832; x_wconf 89' lang='lat' dir='ltr'>unquam</span> <span class='ocrx_word' id='word_1_8' title='bbox 1080 760 1188 828; x_wconf 87' lang='lat' dir='ltr'>tutor,</span> <span class='ocrx_word' id='word_1_9' title='bbox 1221 750 1290 815; x_wconf 86' lang='lat' dir='ltr'>illis</span> 
     </span>
     <span class='ocr_line' id='line_1_3' title="bbox 265 880 1285 971; baseline 0.001 -25"><span class='ocrx_word' id='word_1_10' title='bbox 265 881 457 958; x_wconf 85' lang='lat' dir='ltr'>viventibus,</span> <span class='ocrx_word' id='word_1_11' title='bbox 483 881 534 947; x_wconf 88' lang='lat' dir='ltr'>his</span> <span class='ocrx_word' id='word_1_12' title='bbox 555 880 595 945; x_wconf 89' lang='lat' dir='ltr'>de</span> <span class='ocrx_word' id='word_1_13' title='bbox 617 881 712 947; x_wconf 87' lang='lat' dir='ltr'>rebus</span> <span class='ocrx_word' id='word_1_14' title='bbox 725 882 943 948; x_wconf 82' lang='lat' dir='ltr'>anctoritatem</span> <span class='ocrx_word' id='word_1_15' title='bbox 953 883 1153 970; x_wconf 79' lang='lat' dir='ltr'>interponere</span> <span class='ocrx_word' id='word_1_16' title='bbox 1168 893 1285 971; x_wconf 84' lang='lat' dir='ltr'>potest,</span> 
     </span>
     <span class='ocr_line' id='line_1_4' title="bbox 266 1015 1291 1103; baseline 0 -22"><span class='ocrx_word' id='word_1_17' title='bbox 266 1039 369 1101; x_wconf 88' lang='lat' dir='ltr'>neque</span> <span class='ocrx_word' id='word_1_18' title='bbox 391 1026 492 1084; x_wconf 90' lang='lat' dir='ltr'>mater</span> <span class='ocrx_word' id='word_1_19' title='bbox 513 1024 643 1102; x_wconf 75' lang='lat' dir='ltr'>paterve</span> <span class='ocrx_word' id='word_1_20' title='bbox 665 1015 731 1081; x_wconf 91' lang='lat' dir='ltr'>ullo</span> <span class='ocrx_word' id='word_1_21' title='bbox 754 1016 847 1081; x_wconf 92' lang='lat' dir='ltr'>modo</span> <span class='ocrx_word' id='word_1_22' title='bbox 869 1016 956 1082; x_wconf 87' lang='lat' dir='ltr'>hisce</span> <span class='ocrx_word' id='word_1_23' title='bbox 975 1018 1161 1082; x_wconf 88' lang='lat' dir='ltr'>renuntiare</span> <span class='ocrx_word' id='word_1_24' title='bbox 1180 1030 1291 1103; x_wconf 86' lang='lat' dir='ltr'>posset</span> 
     </span>
     <span class='ocr_line' id='line_1_5' title="bbox 263 1147 1145 1233; baseline 0.001 -20"><span class='ocrx_word' id='word_1_25' title='bbox 263 1148 408 1233; x_wconf 88' lang='lat' dir='ltr'>juribus,</span> <span class='ocrx_word' id='word_1_26' title='bbox 434 1149 529 1213; x_wconf 88' lang='lat' dir='ltr'>etiam</span> <span class='ocrx_word' id='word_1_27' title='bbox 551 1148 586 1213; x_wconf 89' lang='lat' dir='ltr'>in</span> <span class='ocrx_word' id='word_1_28' title='bbox 608 1147 750 1214; x_wconf 86' lang='lat' dir='ltr'>favorem</span> <span class='ocrx_word' id='word_1_29' title='bbox 772 1150 932 1215; x_wconf 91' lang='lat' dir='ltr'>minorum</span> <span class='ocrx_word' id='word_1_30' title='bbox 954 1150 1145 1216; x_wconf 89' lang='lat' dir='ltr'>constitutis.</span> 
     </span>
     <span class='ocr_line' id='line_1_6' title="bbox 308 1257 1297 1371; baseline 0 -24"><span class='ocrx_word' id='word_1_31' title='bbox 308 1257 458 1347; x_wconf 58' lang='lat' dir='ltr'>&#39;Breviter</span> <span class='ocrx_word' id='word_1_32' title='bbox 480 1282 618 1347; x_wconf 86' lang='lat' dir='ltr'>indicata</span> <span class='ocrx_word' id='word_1_33' title='bbox 639 1282 679 1347; x_wconf 90' lang='lat' dir='ltr'>de</span> <span class='ocrx_word' id='word_1_34' title='bbox 701 1282 803 1368; x_wconf 86' lang='lat' dir='ltr'>patria</span> <span class='ocrx_word' id='word_1_35' title='bbox 825 1292 979 1369; x_wconf 77' lang='lat' dir='ltr'>potestate</span> <span class='ocrx_word' id='word_1_36' title='bbox 1001 1306 1078 1371; x_wconf 83' lang='lat' dir='ltr'>erga</span> <span class='ocrx_word' id='word_1_37' title='bbox 1099 1282 1217 1349; x_wconf 86' lang='lat' dir='ltr'>liberos</span> <span class='ocrx_word' id='word_1_38' title='bbox 1234 1306 1297 1347; x_wconf 90' lang='lat' dir='ltr'>na-</span> 
     </span>
     <span class='ocr_line' id='line_1_7' title="bbox 267 1411 1298 1501; baseline 0 -24"><span class='ocrx_word' id='word_1_39' title='bbox 267 1413 385 1478; x_wconf 80' lang='lat' dir='ltr'>turales</span> <span class='ocrx_word' id='word_1_40' title='bbox 417 1413 542 1501; x_wconf 83' lang='lat' dir='ltr'>agnitos</span> <span class='ocrx_word' id='word_1_41' title='bbox 564 1411 646 1479; x_wconf 85' lang='lat' dir='ltr'>cod.</span> <span class='ocrx_word' id='word_1_42' title='bbox 670 1412 771 1477; x_wconf 84' lang='lat' dir='ltr'>nostri</span> <span class='ocrx_word' id='word_1_43' title='bbox 803 1412 960 1491; x_wconf 84' lang='lat' dir='ltr'>doctrina,</span> <span class='ocrx_word' id='word_1_44' title='bbox 987 1411 1085 1478; x_wconf 84' lang='lat' dir='ltr'>&#39;facile</span> <span class='ocrx_word' id='word_1_45' title='bbox 1113 1413 1208 1477; x_wconf 88' lang='lat' dir='ltr'>nobis</span> <span class='ocrx_word' id='word_1_46' title='bbox 1231 1414 1298 1477; x_wconf 85' lang='lat' dir='ltr'>erit</span> 
     </span>
     <span class='ocr_line' id='line_1_8' title="bbox 269 1539 1294 1628; baseline 0.003 -24"><span class='ocrx_word' id='word_1_47' title='bbox 269 1540 431 1628; x_wconf 82' lang='lat' dir='ltr'>indagare,</span> <span class='ocrx_word' id='word_1_48' title='bbox 466 1539 544 1624; x_wconf 90' lang='lat' dir='ltr'>quid</span> <span class='ocrx_word' id='word_1_49' title='bbox 576 1541 675 1605; x_wconf 88' lang='lat' dir='ltr'>tutori</span> <span class='ocrx_word' id='word_1_50' title='bbox 696 1539 816 1619; x_wconf 84' lang='lat' dir='ltr'>dativo,</span> <span class='ocrx_word' id='word_1_51' title='bbox 842 1550 986 1607; x_wconf 85' lang='lat' dir='ltr'>recusata</span> <span class='ocrx_word' id='word_1_52' title='bbox 1008 1548 1151 1607; x_wconf 73' lang='lat' dir='ltr'>amatre</span> <span class='ocrx_word' id='word_1_53' title='bbox 1174 1541 1294 1620; x_wconf 87' lang='lat' dir='ltr'>tutela,</span> 
     </span>
     <span class='ocr_line' id='line_1_9' title="bbox 269 1672 1298 1759; baseline 0.002 -21"><span class='ocrx_word' id='word_1_54' title='bbox 269 1674 348 1759; x_wconf 90' lang='lat' dir='ltr'>qnid</span> <span class='ocrx_word' id='word_1_55' title='bbox 378 1674 473 1739; x_wconf 88' lang='lat' dir='ltr'>matri</span> <span class='ocrx_word' id='word_1_56' title='bbox 505 1672 703 1758; x_wconf 83' lang='lat' dir='ltr'>relinquatur</span> <span class='ocrx_word' id='word_1_57' title='bbox 733 1673 939 1739; x_wconf 81' lang='lat' dir='ltr'>auctoritatis.</span> <span class='ocrx_word' id='word_1_58' title='bbox 987 1672 1077 1757; x_wconf 82' lang='lat' dir='ltr'>Quid</span> <span class='ocrx_word' id='word_1_59' title='bbox 1109 1674 1194 1740; x_wconf 91' lang='lat' dir='ltr'>enim</span> <span class='ocrx_word' id='word_1_60' title='bbox 1223 1698 1298 1740; x_wconf 85' lang='lat' dir='ltr'>ma-</span> 
     </span>
     <span class='ocr_line' id='line_1_10' title="bbox 271 1804 1298 1893; baseline 0.004 -23"><span class='ocrx_word' id='word_1_61' title='bbox 271 1812 352 1870; x_wconf 86' lang='lat' dir='ltr'>trem</span> <span class='ocrx_word' id='word_1_62' title='bbox 381 1805 421 1871; x_wconf 88' lang='lat' dir='ltr'>ad</span> <span class='ocrx_word' id='word_1_63' title='bbox 443 1804 649 1870; x_wconf 78' lang='lat' dir='ltr'>recusandam</span> <span class='ocrx_word' id='word_1_64' title='bbox 671 1806 804 1871; x_wconf 85' lang='lat' dir='ltr'>tutelam</span> <span class='ocrx_word' id='word_1_65' title='bbox 830 1816 934 1893; x_wconf 84' lang='lat' dir='ltr'>potest</span> <span class='ocrx_word' id='word_1_66' title='bbox 961 1807 1143 1873; x_wconf 85' lang='lat' dir='ltr'>concitare?</span> <span class='ocrx_word' id='word_1_67' title='bbox 1188 1808 1298 1887; x_wconf 89' lang='lat' dir='ltr'>Num,</span> 
     </span>
     <span class='ocr_line' id='line_1_11' title="bbox 279 1930 1297 2022; baseline 0.011 -32"><span class='ocrx_word' id='word_1_68' title='bbox 279 1938 318 1991; x_wconf 91' lang='lat' dir='ltr'>ut</span> <span class='ocrx_word' id='word_1_69' title='bbox 343 1954 476 1998; x_wconf 86' lang='lat' dir='ltr'>oneroso</span> <span class='ocrx_word' id='word_1_70' title='bbox 497 1956 530 1999; x_wconf 86' lang='lat' dir='ltr'>se</span> <span class='ocrx_word' id='word_1_71' title='bbox 551 1930 664 1999; x_wconf 81' lang='lat' dir='ltr'>liberet</span> <span class='ocrx_word' id='word_1_72' title='bbox 685 1956 834 2013; x_wconf 83' lang='lat' dir='ltr'>munere,</span> <span class='ocrx_word' id='word_1_73' title='bbox 859 1934 1023 2022; x_wconf 80' lang='lat' dir='ltr'>sanguinis</span> <span class='ocrx_word' id='word_1_74' title='bbox 1044 1934 1176 2021; x_wconf 87' lang='lat' dir='ltr'>parendi</span> <span class='ocrx_word' id='word_1_75' title='bbox 1199 1938 1297 2015; x_wconf 86' lang='lat' dir='ltr'>voci,</span> 
     </span>
    </p>
   </div>
   <div class='ocr_carea' id='block_1_3' title="bbox 272 2065 1302 2422">
    <p class='ocr_par' dir='ltr' id='par_1_3' title="bbox 272 2065 1302 2422">
     <span class='ocr_line' id='line_1_12' title="bbox 274 2065 1297 2154; baseline 0.003 -25"><span class='ocrx_word' id='word_1_76' title='bbox 274 2074 370 2150; x_wconf 89' lang='lat' dir='ltr'>atque</span> <span class='ocrx_word' id='word_1_77' title='bbox 402 2065 544 2131; x_wconf 84' lang='lat' dir='ltr'>custodia</span> <span class='ocrx_word' id='word_1_78' title='bbox 576 2076 608 2131; x_wconf 89' lang='lat' dir='ltr'>et</span> <span class='ocrx_word' id='word_1_79' title='bbox 635 2066 720 2131; x_wconf 88' lang='lat' dir='ltr'>curis</span> <span class='ocrx_word' id='word_1_80' title='bbox 741 2065 878 2145; x_wconf 86' lang='lat' dir='ltr'>liberos,</span> <span class='ocrx_word' id='word_1_81' title='bbox 904 2088 983 2152; x_wconf 87' lang='lat' dir='ltr'>quos</span> <span class='ocrx_word' id='word_1_82' title='bbox 1005 2067 1074 2153; x_wconf 88' lang='lat' dir='ltr'>ipsa</span> <span class='ocrx_word' id='word_1_83' title='bbox 1095 2070 1297 2154; x_wconf 88' lang='lat' dir='ltr'>procreavit,</span> 
     </span>
     <span class='ocr_line' id='line_1_13' title="bbox 272 2198 1301 2289; baseline 0 -23"><span class='ocrx_word' id='word_1_84' title='bbox 272 2200 516 2267; x_wconf 78' lang='lat' dir='ltr'>circumeundi?</span> <span class='ocrx_word' id='word_1_85' title='bbox 561 2198 673 2278; x_wconf 91' lang='lat' dir='ltr'>Num,</span> <span class='ocrx_word' id='word_1_86' title='bbox 709 2210 747 2265; x_wconf 90' lang='lat' dir='ltr'>ut</span> <span class='ocrx_word' id='word_1_87' title='bbox 784 2222 911 2265; x_wconf 88' lang='lat' dir='ltr'>omnem</span> <span class='ocrx_word' id='word_1_88' title='bbox 943 2199 1110 2289; x_wconf 84' lang='lat' dir='ltr'>extinguat</span> <span class='ocrx_word' id='word_1_89' title='bbox 1147 2211 1301 2267; x_wconf 85' lang='lat' dir='ltr'>mutuam</span> 
     </span>
     <span class='ocr_line' id='line_1_14' title="bbox 273 2332 1302 2422; baseline 0.001 -24"><span class='ocrx_word' id='word_1_90' title='bbox 273 2333 473 2412; x_wconf 84' lang='lat' dir='ltr'>charitatem,</span> <span class='ocrx_word' id='word_1_91' title='bbox 499 2333 611 2398; x_wconf 89' lang='lat' dir='ltr'>alienis</span> <span class='ocrx_word' id='word_1_92' title='bbox 634 2332 859 2399; x_wconf 90' lang='lat' dir='ltr'>committendo</span> <span class='ocrx_word' id='word_1_93' title='bbox 881 2333 1030 2399; x_wconf 85' lang='lat' dir='ltr'>manibus</span> <span class='ocrx_word' id='word_1_94' title='bbox 1052 2333 1085 2398; x_wconf 91' lang='lat' dir='ltr'>id</span> <span class='ocrx_word' id='word_1_95' title='bbox 1101 2334 1302 2422; x_wconf 73' lang='lat' dir='ltr'>quodvulgo</span> 
     </span>
    </p>
   </div>
   <div class='ocr_carea' id='block_1_4' title="bbox 274 2448 1302 2554">
    <p class='ocr_par' dir='ltr' id='par_1_4' title="bbox 274 2448 1302 2554">
     <span class='ocr_line' id='line_1_15' title="bbox 274 2448 1302 2554; baseline -0.003 -20"><span class='ocrx_word' id='word_1_96' title='bbox 274 2469 411 2534; x_wconf 69' lang='lat' dir='ltr'>maxime</span> <span class='ocrx_word' id='word_1_97' title='bbox 442 2448 777 2553; x_wconf 75' lang='lat' dir='ltr'>parentibus&#39;liberos</span> <span class='ocrx_word' id='word_1_98' title='bbox 804 2466 937 2554; x_wconf 78' lang='lat' dir='ltr'>junge,</span> <span class='ocrx_word' id='word_1_99' title='bbox 972 2466 1071 2531; x_wconf 73' lang='lat' dir='ltr'>animi</span> <span class='ocrx_word' id='word_1_100' title='bbox 1097 2465 1166 2531; x_wconf 71' lang='lat' dir='ltr'>sar.</span> <span class='ocrx_word' id='word_1_101' title='bbox 1200 2475 1302 2551; x_wconf 80' lang='lat' dir='ltr'>atque</span> 
     </span>
    </p>
   </div>
   <div class='ocr_carea' id='block_1_5' title="bbox 212 2599 1308 3508">
    <p class='ocr_par' dir='ltr' id='par_1_5' title="bbox 212 2599 1308 3508">
     <span class='ocr_line' id='line_1_16' title="bbox 275 2599 1303 2689; baseline 0 -22"><span class='ocrx_word' id='word_1_102' title='bbox 275 2601 398 2689; x_wconf 83' lang='lat' dir='ltr'>ingenii</span> <span class='ocrx_word' id='word_1_103' title='bbox 419 2600 670 2666; x_wconf 77' lang='lat' dir='ltr'>institutionem?</span> <span class='ocrx_word' id='word_1_104' title='bbox 692 2599 775 2679; x_wconf 84' lang='lat' dir='ltr'>Imo,</span> <span class='ocrx_word' id='word_1_105' title='bbox 800 2610 838 2665; x_wconf 91' lang='lat' dir='ltr'>ut</span> <span class='ocrx_word' id='word_1_106' title='bbox 860 2602 1018 2688; x_wconf 81' lang='lat' dir='ltr'>eomagis</span> <span class='ocrx_word' id='word_1_107' title='bbox 1032 2601 1203 2687; x_wconf 87' lang='lat' dir='ltr'>prospiciat</span> <span class='ocrx_word' id='word_1_108' title='bbox 1218 2600 1303 2667; x_wconf 87' lang='lat' dir='ltr'>libc-</span> 
     </span>
     <span class='ocr_line' id='line_1_17' title="bbox 276 2733 1303 2818; baseline -0.001 -18"><span class='ocrx_word' id='word_1_109' title='bbox 276 2758 386 2801; x_wconf 89' lang='lat' dir='ltr'>rorum</span> <span class='ocrx_word' id='word_1_110' title='bbox 419 2733 601 2811; x_wconf 88' lang='lat' dir='ltr'>commodis,</span> <span class='ocrx_word' id='word_1_111' title='bbox 637 2742 675 2797; x_wconf 88' lang='lat' dir='ltr'>ut</span> <span class='ocrx_word' id='word_1_112' title='bbox 708 2742 807 2799; x_wconf 85' lang='lat' dir='ltr'>totam</span> <span class='ocrx_word' id='word_1_113' title='bbox 826 2742 935 2818; x_wconf 79' lang='lat' dir='ltr'>atque</span> <span class='ocrx_word' id='word_1_114' title='bbox 961 2756 1106 2799; x_wconf 85' lang='lat' dir='ltr'>securam</span> <span class='ocrx_word' id='word_1_115' title='bbox 1133 2756 1167 2799; x_wconf 89' lang='lat' dir='ltr'>se</span> <span class='ocrx_word' id='word_1_116' title='bbox 1189 2734 1303 2799; x_wconf 90' lang='lat' dir='ltr'>liberis</span> 
     </span>
     <span class='ocr_line' id='line_1_18' title="bbox 276 2866 1305 2963; baseline -0.001 -30"><span class='ocrx_word' id='word_1_117' title='bbox 276 2868 391 2934; x_wconf 88' lang='lat' dir='ltr'>dedere</span> <span class='ocrx_word' id='word_1_118' title='bbox 423 2869 533 2963; x_wconf 80' lang='lat' dir='ltr'>possit,</span> <span class='ocrx_word' id='word_1_119' title='bbox 569 2867 717 2954; x_wconf 84' lang='lat' dir='ltr'>exiguam</span> <span class='ocrx_word' id='word_1_120' title='bbox 750 2889 840 2933; x_wconf 86' lang='lat' dir='ltr'>suam</span> <span class='ocrx_word' id='word_1_121' title='bbox 863 2867 1090 2954; x_wconf 86' lang='lat' dir='ltr'>experientiam</span> <span class='ocrx_word' id='word_1_122' title='bbox 1111 2890 1222 2933; x_wconf 88' lang='lat' dir='ltr'>rerum</span> <span class='ocrx_word' id='word_1_123' title='bbox 1245 2866 1305 2932; x_wconf 83' lang='lat' dir='ltr'>ad-</span> 
     </span>
     <span class='ocr_line' id='line_1_19' title="bbox 279 2993 1305 3088; baseline 0.002 -25"><span class='ocrx_word' id='word_1_124' title='bbox 279 3000 518 3065; x_wconf 84' lang='lat' dir='ltr'>ministrationis</span> <span class='ocrx_word' id='word_1_125' title='bbox 551 3000 699 3088; x_wconf 87' lang='lat' dir='ltr'>supplere</span> <span class='ocrx_word' id='word_1_126' title='bbox 731 2993 874 3078; x_wconf 79' lang='lat' dir='ltr'>conatur,</span> <span class='ocrx_word' id='word_1_127' title='bbox 905 3001 1040 3066; x_wconf 89' lang='lat' dir='ltr'>aliorum</span> <span class='ocrx_word' id='word_1_128' title='bbox 1062 3000 1219 3067; x_wconf 85' lang='lat' dir='ltr'>auxilinm</span> <span class='ocrx_word' id='word_1_129' title='bbox 1243 3000 1305 3065; x_wconf 86' lang='lat' dir='ltr'>fla·</span> 
     </span>
     <span class='ocr_line' id='line_1_20' title="bbox 212 3134 1307 3223; baseline -0.003 -23"><span class='ocrx_word' id='word_1_130' title='bbox 212 3138 215 3147; x_wconf 86' lang='lat'>&#39;</span> <span class='ocrx_word' id='word_1_131' title='bbox 279 3136 406 3223; x_wconf 82' lang='lat' dir='ltr'>gitans;</span> <span class='ocrx_word' id='word_1_132' title='bbox 442 3145 475 3201; x_wconf 84' lang='lat' dir='ltr'>et</span> <span class='ocrx_word' id='word_1_133' title='bbox 504 3136 589 3221; x_wconf 89' lang='lat' dir='ltr'>quod</span> <span class='ocrx_word' id='word_1_134' title='bbox 620 3135 660 3200; x_wconf 92' lang='lat' dir='ltr'>de</span> <span class='ocrx_word' id='word_1_135' title='bbox 686 3144 788 3200; x_wconf 87' lang='lat' dir='ltr'>matre</span> <span class='ocrx_word' id='word_1_136' title='bbox 817 3134 960 3221; x_wconf 83' lang='lat' dir='ltr'>legitima</span> <span class='ocrx_word' id='word_1_137' title='bbox 983 3134 1075 3199; x_wconf 88' lang='lat' dir='ltr'>toties</span> <span class='ocrx_word' id='word_1_138' title='bbox 1098 3158 1117 3199; x_wconf 89' lang='lat' dir='ltr'>a</span> <span class='ocrx_word' id='word_1_139' title='bbox 1139 3134 1231 3201; x_wconf 86' lang='lat' dir='ltr'>ICtis</span> <span class='ocrx_word' id='word_1_140' title='bbox 1257 3146 1307 3201; x_wconf 88' lang='lat' dir='ltr'>est</span> 
     </span>
     <span class='ocr_line' id='line_1_21' title="bbox 281 3268 1308 3358; baseline -0.002 -23"><span class='ocrx_word' id='word_1_141' title='bbox 281 3271 453 3358; x_wconf 86' lang='lat' dir='ltr'>repetitum</span> <span class='ocrx_word' id='word_1_142' title='bbox 480 3276 509 3348; x_wconf 70' lang='lat' dir='ltr'>t,</span> <span class='ocrx_word' id='word_1_143' title='bbox 534 3292 641 3334; x_wconf 88' lang='lat' dir='ltr'>nonne</span> <span class='ocrx_word' id='word_1_144' title='bbox 664 3270 725 3335; x_wconf 93' lang='lat' dir='ltr'>hoc</span> <span class='ocrx_word' id='word_1_145' title='bbox 747 3292 823 3335; x_wconf 89' lang='lat' dir='ltr'>casu</span> <span class='ocrx_word' id='word_1_146' title='bbox 846 3271 941 3335; x_wconf 84' lang='lat' dir='ltr'>etiam</span> <span class='ocrx_word' id='word_1_147' title='bbox 964 3269 1047 3351; x_wconf 85' lang='lat' dir='ltr'>idem</span> <span class='ocrx_word' id='word_1_148' title='bbox 1069 3268 1242 3335; x_wconf 86' lang='lat' dir='ltr'>dicendum</span> <span class='ocrx_word' id='word_1_149' title='bbox 1267 3268 1308 3333; x_wconf 87' lang='lat' dir='ltr'>dc</span> 
     </span>
     <span class='ocr_line' id='line_1_22' title="bbox 279 3404 1304 3508; baseline -0.003 -36"><span class='ocrx_word' id='word_1_150' title='bbox 279 3418 380 3473; x_wconf 90' lang='lat' dir='ltr'>matre</span> <span class='ocrx_word' id='word_1_151' title='bbox 394 3407 557 3472; x_wconf 84' lang='lat' dir='ltr'>naturali?</span> <span class='ocrx_word' id='word_1_152' title='bbox 572 3406 668 3484; x_wconf 80' lang='lat' dir='ltr'>„Der</span> <span class='ocrx_word' id='word_1_153' title='bbox 677 3405 847 3472; x_wconf 90' lang='lat' dir='ltr'>Vormnnd</span> <span class='ocrx_word' id='word_1_154' title='bbox 860 3404 1041 3508; x_wconf 65' lang='lat' dir='ltr'>darf„kraft</span> <span class='ocrx_word' id='word_1_155' title='bbox 1051 3405 1151 3470; x_wconf 85' lang='lat' dir='ltr'>seinos</span> <span class='ocrx_word' id='word_1_156' title='bbox 1166 3404 1304 3482; x_wconf 87' lang='lat' dir='ltr'>Rechts,</span> 
     </span>
    </p>
   </div>
   <div class='ocr_carea' id='block_1_6' title="bbox 283 3628 1306 3887">
    <p class='ocr_par' dir='ltr' id='par_1_6' title="bbox 283 3628 1306 3887">
     <span class='ocr_line' id='line_1_23' title="bbox 317 3628 1306 3701; baseline -0.004 -17"><span class='ocrx_word' id='word_1_157' title='bbox 317 3630 324 3665; x_wconf 87' lang='lat'>¹</span> <span class='ocrx_word' id='word_1_158' title='bbox 346 3631 390 3684; x_wconf 83' lang='lat' dir='ltr'>cf.</span> <span class='ocrx_word' id='word_1_159' title='bbox 419 3646 543 3697; x_wconf 72' lang='lat' dir='ltr'>unnim,</span> <span class='ocrx_word' id='word_1_160' title='bbox 563 3630 635 3701; x_wconf 86' lang='lat' dir='ltr'>Rep·</span> <span class='ocrx_word' id='word_1_161' title='bbox 659 3649 685 3682; x_wconf 88' lang='lat' dir='ltr'>v.</span> <span class='ocrx_word' id='word_1_162' title='bbox 708 3629 870 3698; x_wconf 85' lang='lat' dir='ltr'>Education,</span> <span class='ocrx_word' id='word_1_163' title='bbox 892 3634 906 3699; x_wconf 68' lang='grc' dir='ltr'>ξ</span> <span class='ocrx_word' id='word_1_164' title='bbox 931 3636 954 3697; x_wconf 84' lang='grc'>1,</span> <span class='ocrx_word' id='word_1_165' title='bbox 980 3628 1026 3682; x_wconf 81' lang='lat' dir='ltr'>n⁰.</span> <span class='ocrx_word' id='word_1_166' title='bbox 1048 3636 1074 3682; x_wconf 82' lang='lat'>4.</span> <span class='ocrx_word' id='word_1_167' title='bbox 1106 3643 1306 3693; x_wconf 74' lang='lat' dir='ltr'>aunonenses,</span> 
     </span>
     <span class='ocr_line' id='line_1_24' title="bbox 283 3718 1305 3802; baseline -0.007 -24"><span class='ocrx_word' id='word_1_168' title='bbox 283 3722 351 3789; x_wconf 87' lang='lat' dir='ltr'>VII,</span> <span class='ocrx_word' id='word_1_169' title='bbox 386 3729 618 3802; x_wconf 45' lang='lat' dir='ltr'>5382cnannon,</span> <span class='ocrx_word' id='word_1_170' title='bbox 642 3722 698 3784; x_wconf 88' lang='grc' dir='ltr'>ΙΠ,</span> <span class='ocrx_word' id='word_1_171' title='bbox 724 3728 785 3776; x_wconf 83' lang='grc'><strong>380.</strong></span> <span class='ocrx_word' id='word_1_172' title='bbox 813 3737 943 3789; x_wconf 71' lang='lat' dir='ltr'>nasum,</span> <span class='ocrx_word' id='word_1_173' title='bbox 968 3718 1248 3789; x_wconf 74' lang='lat' dir='ltr'>I,607.vazs1cnn,</span> <span class='ocrx_word' id='word_1_174' title='bbox 1270 3727 1305 3772; x_wconf 90' lang='lat' dir='ltr'>tr.</span> 
     </span>
     <span class='ocr_line' id='line_1_25' title="bbox 283 3813 941 3887; baseline -0.003 -18"><span class='ocrx_word' id='word_1_175' title='bbox 283 3819 320 3870; x_wconf 86' lang='lat' dir='ltr'>dn</span> <span class='ocrx_word' id='word_1_176' title='bbox 340 3822 472 3887; x_wconf 82' lang='lat' dir='ltr'>mariage,</span> <span class='ocrx_word' id='word_1_177' title='bbox 493 3816 533 3884; x_wconf 89' lang='lat'>11,</span> <span class='ocrx_word' id='word_1_178' title='bbox 548 3822 607 3871; x_wconf 84' lang='grc'><strong>469.</strong></span> <span class='ocrx_word' id='word_1_179' title='bbox 628 3832 683 3871; x_wconf 75' lang='lat' dir='ltr'>sin.</span> <span class='ocrx_word' id='word_1_180' title='bbox 704 3813 799 3883; x_wconf 85' lang='lat' dir='ltr'>XXX,</span> <span class='ocrx_word' id='word_1_181' title='bbox 819 3816 860 3883; x_wconf 89' lang='lat' dir='ltr'>II,</span> <span class='ocrx_word' id='word_1_182' title='bbox 880 3821 941 3869; x_wconf 80' lang='grc'>337.</span> 
     </span>
    </p>
   </div>
   <div class='ocr_carea' id='block_1_7' title="bbox 0 0 1426 5092">
    <p class='ocr_par' dir='ltr' id='par_1_7' title="bbox 0 0 1426 5092">
     <span class='ocr_line' id='line_1_26' title="bbox 0 0 1426 5092; baseline 0 0"><span class='ocrx_word' id='word_1_183' title='bbox 0 0 1426 5092; x_wconf 95' lang='lat' dir='ltr'> </span> 
     </span>
    </p>
   </div>
  </div>
 </body>
</html>
