2784 5092
271 834 342 899 viae
364 833 550 919 quaestioni,
576 834 703 919 qualem
726 832 814 897 illam
835 854 901 897 esse
942 842 1085 920 oporteat
1115 837 1299 903 secundum
1389 850 1390 859 ’

270 975 411 1031 nostram
442 967 547 1055 legem
576 978 671 1051 atque
705 967 871 1045 rationem,
907 988 988 1052 quaa
1014 976 1141 1056 supra¹
1170 972 1298 1060 allega-
1389 1044 1390 1065 ξ

272 1097 376 1164 vimus
421 1101 617 1187 argumentis
649 1100 688 1165 de
733 1100 834 1165 tutela
872 1099 1055 1167 alterutrius
1089 1106 1298 1192 agnoscentis

272 1244 443 1319 parentum
465 1234 655 1321 respondere
676 1232 824 1298 sufficiat.

316 1365 509 1453 Legitimam
549 1367 602 1431 hic
639 1367 747 1432 adesse
769 1366 902 1431 tutelam
921 1366 993 1455 lege
1017 1379 1113 1453 atque
1133 1369 1203 1456 ipsa
1230 1392 1298 1434 na·

272 1507 346 1562 tura
369 1499 513 1583 jubetur.
560 1499 735 1563 Memorari
757 1509 864 1563 autem
893 1522 958 1565 non
984 1510 1031 1565 ast
1053 1499 1190 1579 necesse,
1209 1498 1294 1565 Art.

205 1613 209 1620 ⁴
274 1632 338 1697 386
369 1631 409 1699 O.
432 1631 472 1699 C.
492 1632 606 1717 jubere
630 1633 665 1695 in
685 1632 899 1718 qualicunque
920 1635 1021 1699 tutela
1041 1658 1143 1699 unum
1163 1644 1298 1731 tantum

274 1786 341 1828 esse
362 1774 522 1829 tutorem:
553 1768 676 1829 interest
689 1768 769 1829 enim
785 1765 920 1851 pupilla·
937 1790 974 1831 rw
1001 1766 1093 1832 tutelo
1110 1766 1299 1853 perplures

274 1907 450 1982 spargatur,
475 1906 507 1960 et
526 1894 608 1960 nihil
622 1897 754 1980 aequius
774 1919 870 1981 quam
894 1906 1017 1984 patrem
1031 1899 1092 1963 hoc
1106 1898 1199 1985 fungi
1218 1922 1298 1964 mu-

275 2050 362 2107 nere,
399 2038 436 2092 ut
460 2029 555 2094 etiam
585 2027 661 2094 Art.
694 2030 759 2094 408
790 2031 923 2095 statuit:
961 2031 1027 2109 „de
1054 2031 1151 2097 vader
1181 1996 1297 2122 ofsbij

273 2160 394 2245 yebreke
418 2183 482 2226 van
502 2161 587 2241 dien,
614 2162 655 2227 de
677 2155 838 2228 moedar”.
886 2162 984 2229 Pater
1004 2165 1104 2252 igitur
1128 2175 1297 2251 tamquam
1376 2246 1380 2253 ⁴

276 2305 364 2363 tutor
393 2320 444 2363 res
473 2299 589 2385 pupilli
624 2298 834 2379 administret,
859 2308 892 2365 et
917 2300 963 2367 ita
982 2300 1084 2366 bonae
1097 2298 1172 2365 fidei
1197 2309 1298 2385 atque

276 2427 443 2512 probitatis
463 2429 643 2495 cautionem
666 2440 815 2518 praestet.

319 2622 415 2678 'Soet
434 2623 475 2692 Π,
495 2629 508 2693 5
528 2630 554 2678 1.
573 2643 603 2696 p.
622 2632 657 2681 4ο
672 2620 735 2697 sq'q·
