2784 5092
628 583 669 646 89

138 810 269 865 tantum
293 812 435 887 spectare
457 784 607 882 voluisse,
619 804 716 889 justis
727 806 847 891 nuptiis
869 828 942 871 cum
965 830 1064 873 uxore
1084 832 1159 873 con-

131 937 297 1020 junctum·
347 915 432 1003 Cum
455 938 540 1003 enim
573 938 650 1005 Art.
687 941 753 1005 400
783 939 822 1006 C.
856 940 895 1007 O.
922 942 1026 1007 verbis
1048 953 1159 1007 utatur

138 1066 247 1143 „door
269 1066 329 1132 den
353 1068 436 1133 dood
457 1091 521 1133 van
544 1069 612 1134 een’
636 1070 693 1134 der
713 1070 950 1155 ecityeaootan''‚
986 1081 1018 1136 et
1042 1070 1157 1137 horum

133 1202 298 1286 superstiti
321 1202 418 1266 tradit
440 1202 615 1289 legitimam
647 1203 779 1267 tutelam
803 1202 852 1289 (id
874 1203 959 1287 quod
981 1205 1158 1290 specialiter

133 1334 174 1400 de
186 1338 378 1401 naturalibos
399 1338 583 1423 parentibus
594 1338 705 1402 statuit
725 1336 791 1403 Art
812 1339 877 1403 408
902 1338 942 1404 Ο.
962 1337 1034 1427 (l),
1060 1339 1157 1425 hujus

133 1466 212 1532 Art.
226 1479 387 1553 tamquam
399 1469 558 1554 sequelam
569 1480 601 1534 et
610 1444 876 1534 modificationem
887 1469 963 1534 Art.
977 1472 1041 1535 401
1055 1470 1095 1537 O.
1110 1469 1151 1538 C.

133 1601 276 1665 continet
306 1600 560 1687 dispositionem:
589 1601 655 1680 „de
687 1565 786 1666 vader
820 1601 885 1666 kan
916 1603 1152 1681 contemmis&

135 1752 218 1815 quae
255 1734 354 1799 verba
382 1734 467 1800 clare
499 1735 614 1799 horum
647 1732 737 1799 Artt.
773 1733 943 1800 ostendunt
975 1736 1152 1802 vinculum.

135 1860 171 1929 Si
205 1865 298 1930 aliter
330 1866 482 1933 voluisset
512 1867 686 1955 legislator,
722 1877 793 1953 post
822 1866 899 1932 Art.
925 1868 990 1932 408
1020 1868 1155 1933 similem

135 1990 232 2055 etiam
262 1990 372 2054 matris
405 1992 556 2057 marolis
593 1992 756 2079 potestatis
788 1992 1017 2057 restrictionem
1039 1992 1157 2057 consti·

136 2126 259 2190 tuisset.
307 2111 426 2208 Quum
448 2126 548 2212 igitur
578 2126 612 2189 id
641 2149 707 2190 non
739 2111 859 2203 fecerit,
885 2126 1041 2213 integram
1063 2126 1155 2192 nobis

22 2241 23 2248 ἵ
136 2258 247 2322 matris
268 2257 422 2322 naturalis
441 2256 574 2323 tutelam
596 2266 644 2322 est
665 2254 921 2339 relinquendum.

180 2390 223 2455 Et
264 2400 350 2455 recte
392 2391 467 2455 fecit
508 2390 671 2478 legislator
707 2390 747 2467 id,
785 2389 943 2453 omittens.
1002 2387 1037 2457 Si
1070 2390 1154 2455 enim

107 2573 112 2581 .
136 2532 239 2588 stante
260 2523 462 2590 matrimonio
472 2523 626 2588 maritalis
649 2522 821 2587 auctoritas
844 2521 915 2609 lege
937 2523 1151 2609 comprobata,

21 2637 22 2686 l
137 2658 245 2723 matris
267 2656 497 2741 quodammodo
517 2656 644 2743 plenam
661 2656 695 2720 in
718 2656 833 2721 liberos
847 2677 867 2718 a
881 2666 996 2719 natura
1003 2656 1154 2721 tributam

137 2799 324 2876 potestatem
353 2798 502 2866 coarctet,
535 2789 580 2853 ita
602 2799 640 2851 ut
664 2788 761 2852 etiam
790 2797 861 2874 post
892 2798 1026 2851 mortem
1042 2787 1096 2851 illa
1118 2789 1153 2853 in

137 2923 318 3002 consiliarii,
336 2934 522 2989 testamento
550 2923 653 2988 aliove
674 2922 780 3000 modo,
808 2922 1023 2987 nominatione
1048 2926 1056 2963 ¹
1080 2944 1153 3007 per·

138 3057 252 3122 durare
274 3056 430 3135 videatur,
456 3057 546 3121 nulla
568 3044 616 3121 est
637 3056 751 3120 idonea
771 3055 864 3134 ratio,
890 3078 948 3121 cur
970 3065 1058 3121 extra
1071 3078 1155 3141 nup·

23 3228 27 3235 ·
137 3193 207 3270 tias,
234 3193 355 3257 carnali
377 3201 513 3256 tantum
529 3202 652 3278 patrem
674 3192 758 3256 inter
779 3200 875 3276 atque
896 3200 1041 3267 matrem,
1066 3189 1155 3255 nullo

139 3347 213 3390 vero
237 3324 324 3388 civili
347 3324 516 3389 exsistente
537 3324 667 3389 vinculo
690 3323 784 3412 (Art.
811 3325 874 3390 335
900 3322 940 3389 (l.
966 3322 1039 3410 0.),
1063 3332 1154 3409 pater

21 3463 23 3468 ’
140 3458 313 3547 legitimam
353 3458 537 3523 facultatem
571 3458 788 3545 constringere
819 3456 918 3543 possit
954 3456 1033 3540 ejus,
1072 3478 1153 3541 quae

176 3676 260 3729 'Art
295 3682 346 3730 402
382 3677 414 3732 C.
435 3678 467 3733 C.
504 3678 569 3746 „De
597 3676 761 3749 beroeming
797 3693 852 3730 van
871 3678 924 3731 den
945 3678 1150 3751 raadsmange·
1180 3690 1181 3694 ’

140 3770 251 3837 schiedt,
274 3770 365 3841 .hetzij
395 3770 433 3842 bij
456 3770 565 3825 uiterste
590 3769 838 3841 wilsbeschikking,
863 3770 944 3842 hetzij
964 3770 1001 3842 bij
1026 3772 1078 3827 alle
1103 3788 1151 3826 an·

141 3864 201 3918 dere
226 3863 399 3920 authentieke
421 3882 455 3921 en
477 3863 668 3937 bijzonderlijk
689 3866 802 3920 daartoe
823 3862 956 3935 ingerigte
980 3863 1093 3934 alrten.”
