2784 5092
720 565 761 629 78

232 810 326 854 curae
348 788 475 863 habeat,
500 785 534 851 id
562 784 647 870 quod
669 784 770 849 veteri
792 792 900 849 nostro
918 783 993 869 jure
1026 782 1254 863 societatibus,

187 891 190 895 ι
234 944 315 1005 quae
348 917 536 985 dicebantur
554 918 770 995 Weeclcumara,
796 916 1042 1004 perficiebatur?
1078 916 1153 983 Non
1177 910 1258 983 saue

231 1052 312 1117 illud
344 1051 459 1139 attingi
491 1073 582 1137 posse
605 1049 813 1135 propositum,
839 1049 1099 1143 matrenaturali
1135 1050 1256 1115 tutrice

233 1194 413 1271 surrogata,
438 1206 533 1249 nemo
555 1183 795 1248 contestabitur.
820 1182 998 1249 Vinculum
1020 1183 1118 1261 enim,
1144 1206 1260 1268 quam-

237 1317 282 1381 vis
315 1316 441 1381 nullum
470 1315 575 1393 civile,
600 1315 684 1380 inter
709 1324 855 1401 parentes
878 1324 1011 1393 exstare,
1037 1314 1123 1399 quod
1144 1314 1261 1381 morali
1337 1330 1343 1341 '

235 1449 333 1537 patris
366 1450 400 1532 in
433 1458 567 1513 matrem
587 1448 775 1513 auctoritate
797 1447 885 1513 haud
915 1469 1022 1513 carere
1044 1456 1076 1511 et
1109 1447 1261 1513 collusio·

235 1601 310 1643 nem
341 1577 424 1643 ferre
455 1600 557 1663 posse,
582 1585 705 1641 certum
728 1588 786 1641 est.
835 1576 939 1643 Caute
966 1586 1062 1661 atquo
1084 1574 1261 1660 prudenter

109 1726 113 1731 ’
235 1708 397 1795 legislator
418 1708 512 1773 matri
534 1730 601 1774 esse
623 1707 733 1773 tutrioi
756 1706 912 1784 concedit;
937 1706 1005 1792 ejus
1016 1728 1091 1773 vero
1108 1705 1260 1774 diffidens
1385 1732 1387 1807 Ξ

236 1842 335 1907 animi
367 1842 500 1920 levitati,
536 1842 733 1907 occasionem
762 1840 792 1907 ei
816 1840 942 1919 tribuit,
978 1842 1091 1926 quovis
1113 1852 1259 1929 tempore
1386 1902 1388 1913 .

192 1992 197 2000 '
236 1976 356 2041 hancce
388 1974 554 2041 recusandi
587 1975 731 2056 tutelam.
779 1974 869 2039 Num
901 1974 978 2039 huic
1009 1985 1259 2042 consentaneum

238 2117 320 2172 esset
340 2106 467 2184 rationi,
493 2116 627 2173 matrem
651 2124 838 2191 numquam,
864 2106 926 2171 nisi
948 2107 1042 2173 certis
1067 2117 1099 2173 et
1119 2107 1260 2174 definitis

238 2239 363 2305 casibus
396 2237 490 2327 (Art.
516 2240 583 2305 434
608 2239 649 2306 C.
675 2238 736 2329 C.)
758 2239 938 2305 revocabile
958 2239 1090 2327 aggredi
1113 2242 1257 2307 munus?

164 2459 166 2464 ,
238 2374 406 2460 Nusquam
437 2373 498 2439 hac
529 2374 570 2439 do
602 2395 637 2438 rc
669 2372 824 2459 cogitasse
852 2372 1077 2459 legislatorem,
1103 2374 1176 2448 luce
1198 2398 1258 2442 no-

236 2508 286 2575 bis
320 2508 446 2585 clarius,
482 2506 541 2571 etsi
573 2505 613 2571 de
645 2516 743 2573 matre
769 2504 920 2591 loquatur
942 2504 1019 2571 Art.
1044 2509 1110 2575 436
1135 2508 1176 2575 Ο.
1197 2509 1255 2590 O„

237 2640 324 2727 quod
354 2639 394 2704 de
434 2648 536 2704 matre
568 2638 683 2704 tutrice
724 2637 867 2726 legitima
898 2648 1024 2705 tantum
1057 2651 1105 2707 est
1138 2642 1258 2709 intelli·
1294 2706 1297 2711 .

236 2772 389 2860 rendum·
949 2851 953 2855 ,

282 2894 440 2987 Quamvis
457 2902 568 2985 itaque
589 2902 670 2989 legis
691 2901 791 2967 verba
813 2902 930 2969 dubiae
951 2924 1018 2969 esse
1051 2903 1258 2991 significatio-

239 3035 290 3101 nis
323 3056 452 3120 prorsus
485 3056 603 3121 negare
636 3034 786 3113 nolimus,
811 3024 986 3121 numquam
1006 3035 1087 3124 legis
1108 3036 1162 3103 isti
1184 3059 1257 3105 ver·

239 3170 288 3238 bis
309 3166 492 3235 adhaesioni
513 3166 659 3235 assentiri
680 3190 859 3253 possumus.
