2784 5092
268 1063 332 1110 uu
356 1065 493 1112 rurum
517 1062 724 1111 areanorum
746 1063 980 1112 usrnnsnmu
1002 1029 1186 1112 uuivssss.

272 1456 434 1536 Minores,'
458 1457 485 1521 si
509 1467 677 1544 parentum
702 1457 868 1524 amborum
888 1469 945 1524 aut
964 1460 1146 1526 alterutrius
1167 1483 1250 1526 cura

228 1599 349 1667 carent,
373 1589 472 1654 tutela
493 1589 678 1654 muniantur
697 1613 823 1655 neeesse
845 1600 903 1669 est,
924 1591 1041 1678 quippe
1059 1593 1114 1678 qui
1131 1614 1251 1679 paren·
1326 1633 1330 1640 -

228 1735 297 1788 tum
334 1731 460 1786 tantum
493 1721 605 1806 juncto
644 1722 775 1800 auxilio,
813 1733 845 1787 et
882 1699 1056 1810 conjugum
1090 1747 1249 1790 consensu

228 1855 345 1942 optime
372 1864 482 1920 contra
508 1853 627 1916 virium
651 1853 845 1918 debilitatem
880 1855 1052 1939 aetatisque
1082 1856 1248 1921 leuitatem

128 1977 132 1982 ⁸
228 1986 354 2052 delendi
380 1995 523 2072 possunt.
559 1985 654 2050 Illam
682 1996 825 2051 secutum
851 2009 918 2051 esse
942 1988 1098 2053 rationem
1116 1989 1247 2076 legisla-

227 2129 329 2183 torem
350 2127 506 2196 nostrum,
530 2128 618 2204 patet
639 2141 677 2183 ex
694 2118 800 2183 verbis
820 2119 855 2182 in
872 2129 933 2184 art.
964 2120 1027 2184 385
1051 2118 1181 2185 al.3C.
1200 2118 1242 2186 C.
1277 2103 1282 2107 .
1383 2104 1384 2111 ἵ

196 2331 199 2340 Ι
228 2253 327 2318 nostri
348 2227 553 2316 enuntiatis&
594 2251 660 2316 Hic
679 2274 756 2317 vero
777 2252 949 2339 legislator,
967 2272 1045 2336 quos
1065 2250 1125 2315 sub
1145 2249 1246 2314 tutela

227 2369 294 2450 esse
318 2383 407 2459 velit,
436 2381 615 2446 definiendo
640 2390 736 2466 atque
760 2381 806 2447 ita
830 2383 969 2447 codicem
989 2381 1165 2447 francicum
1184 2381 1245 2446 hae

227 2521 262 2584 in
292 2541 328 2582 re
358 2514 544 2602 adimplere¹
560 2515 723 2593 conando,
757 2527 867 2580 eontra
898 2516 1133 2601 quaestionibus
1163 2540 1244 2582 non·

227 2651 323 2717 nullis
340 2651 446 2715 locum
464 2649 539 2713 dare
556 2647 694 2727 videtur,
713 2671 786 2713 oum
801 2648 859 2713 hos
874 2648 1080 2729 includendo,
1109 2674 1244 2752 quorum

226 2794 372 2872 parentes
401 2781 529 2866 utrique
558 2778 611 2844 vel
642 2780 794 2846 alteruter
824 2803 934 2845 eorum
963 2781 1048 2845 diem
1078 2780 1239 2873 obierunt,

227 2916 305 2981 alios
340 2913 507 2978 excludere
542 2911 707 2989 videatur,
745 2912 800 2998 qui
831 2935 931 2997 aeque
960 2912 1144 2998 parentibus
1174 2913 1242 2978 orbi

226 3049 337 3116 haberi
360 3055 502 3134 possunt,
525 3047 669 3131 quamvis
689 3069 774 3112 mors
794 3047 864 3111 illos
884 3069 949 3111 non
969 3026 1142 3126 sustulerit,
1165 3058 1241 3134 puta

198 3155 202 3162 ι
226 3187 342 3252 liberos
358 3183 392 3247 in
410 3179 583 3266 hospitium
599 3189 752 3266 receptos,
770 3178 809 3244 de
824 3178 939 3264 quibus
956 3189 1016 3243 art.
1029 3182 1093 3244 421
1112 3179 1152 3247 C.
1177 3180 1236 3248 C.²

264 3363 273 3395 ¹
294 3355 543 3428 „Minderjarigem
567 3353 668 3408 welkar
689 3354 786 3407 orders
811 3353 912 3408 beiden
937 3351 970 3406 of
990 3369 1040 3406 een
1064 3370 1119 3406 van
1146 3354 1239 3408 beiden

224 3452 281 3522 zijn
305 3450 460 3516 overleden‚
483 3453 560 3503 staau
583 3446 669 3500 onder
688 3445 811 3515 voogdij,
841 3462 877 3515 op
900 3445 953 3496 den
973 3452 1048 3511 vost,
1076 3444 1115 3499 als
1143 3446 1181 3516 bij
1207 3448 1240 3503 ds

225 3544 318 3610 (larda,
339 3541 433 3595 vierde
457 3555 492 3592 sn
516 3536 601 3608 vijfde
623 3535 795 3608 asdeelingen
817 3553 872 3590 van
897 3536 981 3590 (lezen
1002 3536 1063 3590 titel
1086 3536 1109 3593 is
1129 3557 1239 3611 voorgs-

225 3636 354 3692 sohraven
358 3668 412 3685 .....
414 3631 431 3657 ”

259 3739 269 3761 ²
294 3724 541 3798 „Mniderjarigem
555 3722 599 3779 die
616 3723 644 3778 in
662 3722 743 3795 eenig
760 3713 876 3794 gesticbt
897 3739 952 3776 van
965 3723 1164 3796 weldadigheid
1186 3726 1237 3800 aijn

225 3838 405 3894 opgmomen,
431 3816 592 3890 verblijvsn‚
620 3816 738 3887 zoolang
763 3816 798 3888 aij
825 3814 884 3871 zieh
920 3815 1015 3870 daarin
1041 3817 1185 3889 bavinden,
1211 3818 1244 3875 ol
