2784 5092
765 555 807 619 36

278 799 315 840 ae
338 775 474 862 denique
498 774 537 840 de
559 775 735 841 rationibus
754 774 920 841 reddendis
938 780 948 816 ¹
971 784 1083 860 agunt,
1103 792 1162 858 pro
1176 770 1309 837 ratione
1384 844 1385 869 ¹

278 911 428 975 materiae
459 912 555 975 etiam
584 911 637 977 hio
663 910 770 975 valere
791 909 877 973 haud
900 918 947 972 est
968 907 1114 972 dubium.
1143 904 1306 970 Attamen

1375 861 1385 935 l

278 1045 312 1108 in
344 1044 424 1111 Cod.
457 1055 564 1110 nostro
595 1044 728 1109 deficere
757 1043 907 1108 ridentur
936 1064 1111 1129 expressae,
1145 1062 1228 1124 quae
1257 1038 1305 1102 de
1384 1045 1385 1063 ¹

278 1179 379 1243 tutela
406 1179 578 1244 liberorum
606 1177 823 1264 legitimorum
852 1176 969 1263 placita
994 1175 1090 1240 etiam
1118 1171 1159 1236 ad
1181 1170 1307 1235 liberos

263 1310 439 1376 ¹naturales
473 1311 584 1377 referri
609 1311 746 1396 jubeant
775 1310 1004 1397 dispositiones.
1049 1309 1180 1392 Ubique
1211 1307 1306 1371 enim

277 1442 312 1504 in
341 1440 400 1506 hac
431 1441 511 1509 Cod.
543 1442 642 1508 nostri
670 1453 760 1529 parte
788 1442 1000 1529 legislatorem
1021 1441 1116 1506 unice
1138 1439 1307 1525 legitimos
1384 1426 1385 1497 ?

278 1581 432 1657 spectasse
455 1573 581 1652 liberos,
608 1598 648 1638 ex
669 1575 775 1671 verbis
798 1574 874 1660 ipsis
892 1583 990 1659 patet.
1025 1571 1123 1654 Quod
1146 1571 1173 1634 si
1196 1570 1307 1656 magis
1384 1628 1385 1671 q

185 1691 189 1700 ’
278 1727 318 1769 ex
346 1705 503 1770 industria
530 1707 703 1772 liberorum
730 1707 925 1771 naturalium
948 1705 1159 1770 consuluisset
1186 1703 1303 1779 statui,

277 1835 396 1899 tutelae
429 1836 583 1922 imprimis
618 1837 720 1901 bonae
754 1846 786 1900 et
819 1837 937 1922 probae
963 1835 1110 1922 gestioni,
1137 1833 1242 1917 cujus,
1275 1834 1304 1896 si
1384 1820 1385 1831 ἵ

277 1967 317 2032 de
338 1967 488 2054 legitimis
518 1947 624 2033 liberis
654 1969 773 2055 agitur,
805 1993 834 2034 e.
865 1993 899 2056 g.
931 1968 1026 2032 etiam
1061 1966 1201 2030 familiae
1222 1989 1301 2051 ope,
1384 2010 1385 2049 1

278 2120 387 2162 curam
417 2094 533 2164 habere
563 2112 707 2179 conatur,
732 2089 814 2166 ¹eam
845 2098 886 2166 ad
907 2101 1054 2186 quodque
1077 2123 1175 2188 grave
1198 2123 1305 2187 nego-

277 2222 357 2287 tium
387 2226 554 2290 eonvocari
585 2237 616 2291 et
645 2228 818 2292 consultari
842 2229 971 2314 jubens,
997 2229 1082 2312 quod
1112 2228 1153 2293 ad
1182 2229 1305 2292 liberos
1384 2210 1385 2233 l

277 2358 436 2422 naturales
458 2360 581 2437 attinet,
605 2360 673 2424 aliis
693 2361 903 2447 prospexisset
922 2361 1034 2425 modis.

320 2487 385 2552 Hro
418 2491 503 2554 enim
536 2512 601 2554 non
632 2500 749 2556 temere
781 2494 922 2578 quaestio
954 2494 1076 2558 moveri
1107 2503 1221 2579 potest,
1259 2517 1305 2558 an

198 2689 202 2694 ,
277 2621 390 2687 tutoris
418 2634 450 2688 et
478 2609 639 2703 cotutoris‚
670 2627 725 2710 qui
753 2626 847 2712 plane
875 2626 1012 2720 familiae
1039 2627 1108 2705 vice
1138 2626 1302 2713 fungitur,

278 2756 312 2819 in
337 2756 432 2821 rebus
454 2757 583 2844 agendis
605 2758 737 2843 plenum
759 2759 925 2824 arbitrium
945 2782 1010 2823 non
1031 2760 1192 2824 interdum
1214 2763 1304 2825 veris

233 2939 236 2945 .
278 2912 391 2955 nocere
423 2891 520 2977 possit
550 2890 665 2978 pupilli
696 2892 882 2956 commodis?
915 2893 1024 2977 Majus
1051 2892 1150 2979 igitur
1173 2893 1301 2992 judici,

278 3023 370 3108 cujus
397 3025 566 3090 auctoritas
588 3026 622 3091 in
643 3026 810 3114 permultis
830 3049 888 3112 pro
908 3025 1030 3112 pupillo
1052 3025 1198 3112 gerendis
1219 3027 1304 3090 acti-

276 3159 337 3225 bus
366 3159 548 3244 requiritur,
574 3160 731 3225 incumbit
755 3182 835 3224 onus
855 3158 992 3223 studiose
1014 3168 1046 3222 et
1076 3159 1191 3222 aeriter
1227 3181 1305 3244 per·
1384 3166 1385 3245 J

277 3289 451 3370 scrutandi,
484 3313 564 3376 quae
596 3291 656 3357 sibi
685 3291 725 3356 de
754 3283 928 3356 minoribus
956 3289 1158 3375 dijudicanda
1183 3313 1305 3376 propo-

278 3433 411 3504 nuntur,
443 3424 597 3510 imprimis
627 3424 683 3520 ubi
707 3423 747 3489 de
769 3424 1045 3509 emancipatione²
1068 3423 1211 3506 quaestio
1236 3434 1299 3488 est.

278 3557 412 3622 Tutores
432 3557 516 3623 enim
535 3557 587 3621 isti
607 3557 696 3621 nullo
715 3556 901 3643 plerumque
920 3557 1018 3620 animi
1035 3555 1151 3620 affeetu
1168 3556 1304 3640 pupillis

326 3735 330 3764 ¹
360 3733 403 3788 cf.
424 3733 496 3786 Aru.
517 3736 670 3786 ssi-472.
831 3797 834 3801 ¹

319 3848 330 3881 ²
353 3845 396 3900 cf.
418 3847 490 3900 Aut.
512 3850 678 3900 irretiat
700 3844 731 3899 c.
754 3846 789 3900 ct
