2784 5092
631 548 672 613 ⁷7

11 735 12 742 ‘
130 773 256 861 pupilli
278 757 463 838 consuatur
484 772 680 838 ommuni
715 770 821 860 (Aet.
847 763 1057 840 raa-4310.
1083 773 1156 863 c).

11 963 12 990 3
132 892 396 995 Siigiturmater
405 908 445 972 ad
456 909 556 994 ipsam
563 907 735 995 gerendam
750 906 883 971 tutelam
890 930 1003 993 parum
1014 930 1047 973 se
1065 912 1160 976 sentit

135 1042 300 1119 idoneam,
329 1065 407 1106 num
424 1042 522 1105 tutori
548 1042 721 1126 subrogare
741 1050 836 1123 atque
858 1041 926 1126 ejus
948 1042 1083 1127 gestioni
1108 1042 1158 1106 in-

11 1213 12 1250 3
131 1176 274 1263 vigilare
291 1174 421 1261 posset?
454 1172 518 1238 Ast
537 1195 613 1238 vero
634 1174 660 1236 si
681 1172 721 1236 ad
754 1174 923 1259 gerendam
952 1174 1156 1261 aggrediatur

11 1295 12 1324 ³
132 1310 283 1385 tutelam,
297 1330 375 1372 num
385 1307 507 1391 quaein
519 1304 707 1372 Codnostri
717 1316 818 1391 parte,
831 1326 912 1389 quae
924 1308 991 1393 agit
1002 1308 1040 1371 de
1052 1311 1157 1375 tetrice

137 1450 242 1504 matre
261 1438 369 1525 (Aret.
383 1441 558 1503 404-407
586 1436 627 1503 O.
651 1436 724 1526 0.),
745 1460 902 1521 nusquam
921 1460 996 1502 vero
1004 1439 1042 1504 de
1058 1429 1158 1505 matre

140 1574 247 1637 tetrice
279 1580 452 1655 aaaroyota,
483 1568 753 1655 praescribuntur,
776 1568 828 1633 hic
846 1569 988 1655 adaptari
1013 1573 1159 1657 possint?

136 1703 197 1772 Sin
215 1704 293 1789 quid
303 1704 398 1789 juris,
422 1703 449 1767 si
467 1726 496 1767 e.
516 1726 549 1789 g.
572 1702 701 1787 nuptias
717 1701 902 1766 contrahere
924 1702 1012 1781 velit,
1038 1668 1094 1768 aut
1122 1682 1159 1771 in

138 1834 209 1921 aliis
240 1832 357 1917 quihus
377 1832 430 1895 hic
453 1832 644 1917 prospicitur
663 1832 802 1908 casibus,
827 1842 927 1897 matre
953 1836 1058 1897 tetrice
1079 1833 1159 1921 legi-

138 1966 242 2030 tima?
264 1964 341 2050 Ipso
356 1966 430 2050 jure
446 1965 540 2029 matri
559 1962 653 2052 (Art.
678 1966 745 2029 400
758 1964 798 2030 O.
813 1964 873 2054 C.)
895 1965 1035 2030 defertur
1045 1967 1156 2047 tutela3

141 2099 165 2163 i.
197 2122 226 2163 e.
251 2098 340 2162 nulla
367 2098 554 2162 auctoritate
570 2096 729 2182 judicum,
754 2097 851 2161 nullis
883 2098 1069 2164 adhibendis
1095 2100 1160 2165 for·

141 2232 200 2295 mis
228 2240 323 2314 atque
353 2230 621 2306 solemnitatibus3
655 2224 740 2312 quod
774 2242 890 2293 natura
919 2232 1051 2309 exsistit,
1086 2231 1159 2319 lege

11 2377 12 2426 t
121 2374 266 2451 ‚tantum
308 2364 459 2427 sancitur,
516 2362 592 2428 Non
624 2373 790 2449 surrogata
816 2364 917 2428 tutrix
959 2366 1020 2430 nisi
1044 2366 1162 2451 judicis

146 2497 353 2564 Cantonualis
380 2487 440 2583 ope
466 2497 535 2561 dari
555 2506 660 2582 posset
671 2520 680 2574 3
714 2507 762 2560 ast
783 2484 968 2561 veronulla
990 2498 1160 2563 mulierum

145 2632 245 2696 tutela
273 2632 450 2695 admittitur
481 2631 542 2694 nisi
574 2631 728 2717 legitima,
751 2618 827 2717 'ipso
853 2634 925 2718 jure
962 2632 1045 2711 data,
1086 2656 1160 2699 cum

145 2766 243 2851 vulgo
280 2766 321 2829 ad
351 2765 412 2829 hoc
446 2764 611 2850 publicum
644 2764 845 2851 fungendum
885 2788 1002 2831 munus
1030 2768 1161 2833 minime

147 2910 238 2986 aptae
260 2899 322 2962 sint
343 2897 527 2974 habendae3
553 2907 649 2981 atque
673 2898 719 2960 ita
740 2897 858 2963 hancce
878 2898 958 2985 legis
983 2900 1161 2987 dispositio·

146 3054 219 3098 nem
238 3055 333 3117 quam
352 3033 491 3097 maxime
510 3031 778 3117 restringendum.

190 3164 279 3247 Quid
311 3175 418 3229 autem
440 3174 488 3229 est
509 3144 837 3250 legislatoristutelae
860 3166 1048 3254 subrogatae
1069 3167 1161 3233 insti·
1237 3223 1239 3226 ,

144 3299 280 3364 tuendae
309 3299 513 3363 consilium?
546 3296 663 3362 Nonne
701 3298 773 3375 hoc,
805 3308 853 3377 ut,
880 3322 953 3364 cum
985 3301 1084 3365 tutori
1097 3276 1162 3389 'ge-

145 3428 240 3505 renti,
276 3428 464 3513 plerumque
497 3427 695 3512 privatorum
728 3426 889 3491 volontate
921 3427 973 3492 vel
1005 3450 1101 3515 opera
1120 3430 1162 3495 ad

144 3560 205 3625 hoc
231 3584 349 3626 munus
379 3571 503 3637 vocato,
536 3570 592 3623 aut
617 3560 685 3646 ipso
711 3559 786 3645 jure
808 3570 935 3645 natura,
954 3571 986 3626 et
1007 3563 1161 3649 sanguine

143 3690 300 3767 instituto,
326 3712 391 3753 non
423 3711 545 3775 semper
577 3688 672 3775 plena
692 3689 771 3754 fides
802 3668 912 3754 haberi
933 3690 1042 3776 possit,
1067 3691 1162 3757 etiam

146 3824 274 3909 publica
296 3823 483 3887 auctoritate
505 3822 670 3910 delegatus
692 3833 780 3888 tutor
800 3822 923 3911 vigilet,
949 3833 981 3888 et
1002 3824 1162 3890 minorum
