2784 5092
277 1264 326 1311 DE
348 1262 571 1320 QUAES'I'IONE
593 1263 642 1313 AN
664 1263 771 1309 PATRI
793 1263 953 1309 MATRIVE
975 1263 1172 1314 TUTORIBUS
1194 1265 1296 1312 LEGI-

440 1395 538 1442 TIMIS
560 1395 814 1444 JUSJURANDUM
836 1397 965 1444 IMPONI
987 1396 1115 1445 Possm.

321 1708 501 1795 Legislator
533 1718 639 1772 noster
670 1708 727 1773 ubi
759 1706 852 1793 (Art.
886 1709 950 1773 419
972 1708 1014 1773 al.
1050 1711 1113 1798 2)¹
1142 1712 1253 1790 tutori,
1281 1737 1302 1777 a

272 1841 382 1928 judice
403 1840 585 1905 cantonnali
608 1839 692 1918 dato,
714 1839 938 1925 jusjurandum
958 1840 1103 1927 imponit,
1132 1842 1301 1910 bonafide

278 1985 310 2039 et
342 1974 390 2037 uti
420 1973 511 2037 decet
533 1995 566 2037 se
594 1982 760 2059 gesturum
778 1971 923 2050 tutelam,
946 1994 987 2035 an
1004 1970 1065 2037 hoc
1085 1973 1125 2036 ad
1145 1974 1222 2039 alios
1246 1986 1302 2041 tu-

278 2090 362 2171 tores
378 2105 537 2192 legitimos
558 2104 610 2168 vel
635 2103 884 2169 testamentanios
905 2103 1032 2168 extendi
1051 2104 1177 2168 voluit?
1221 2106 1303 2173 Ple·

279 2232 370 2319 rique
400 2233 435 2297 in
462 2232 547 2297 hanc
577 2232 772 2297 conveniunt
790 2233 978 2297 sententiam
993 2232 1076 2317 juris
1098 2234 1300 2321 interpretes,

278 2388 432 2453 perquam
453 2364 532 2429 illud
554 2388 621 2429 esse
641 2364 824 2451 negandum
845 2374 876 2429 et
896 2364 1049 2451 imprimis
1060 2363 1137 2430 na.
1162 2369 1227 2433 419
1243 2391 1304 2455 po-
1378 2432 1379 2435 ,

282 2498 407 2576 sitione,
433 2498 466 2561 in
483 2495 630 2563 Sectione
649 2495 733 2576 scil,
759 2518 841 2581 quae
864 2497 1041 2584 specialiter
1062 2497 1101 2563 de
1123 2499 1223 2564 tutela
1245 2501 1303 2565 da-

280 2626 348 2689 tiva
371 2625 450 2711 agit,
476 2634 663 2711 angumento
685 2634 833 2690 utuntur.
881 2624 916 2692 Si
937 2648 1011 2690 vero
1031 2627 1100 2712 ipsa
1118 2627 1215 2713 hujus
1235 2638 1299 2694 art.

278 2760 377 2825 verba
397 2769 571 2836 teneamuS,
595 2758 721 2822 nullum
741 2782 842 2845 paene
862 2757 1007 2837 dubium,
1029 2759 1107 2843 quid
1127 2760 1301 2827 decernen-

279 2892 368 2970 dum,
405 2915 472 2957 esse
499 2891 645 2956 videtur:
673 2890 748 2970 „de
769 2891 875 2978 voogd
896 2893 945 2956 zal
967 2891 1006 2955 de
1027 2892 1151 2979 voogdij
1172 2866 1301 2959 moeten

279 3024 478 3088 aanvaarden
508 3047 548 3109 op
568 3023 629 3088 den
651 3012 714 3111 dag
732 3026 833 3109 zijner
852 3023 1077 3111 benoeming.”
1122 3024 1164 3087 Et
1185 3024 1240 3089 hle
1261 3025 1300 3089 de

280 3155 496 3220 nominatione
528 3178 586 3241 per
612 3157 746 3241 judicem
776 3164 902 3219 tantum
928 3178 1103 3220 sermonem
1124 3180 1201 3235 asse,
1229 3160 1300 3245 quis

280 3290 401 3376 neget?
446 3287 482 3355 Si
514 3288 675 3375 legislator
705 3288 894 3375 generaliter
911 3289 1011 3374 accipi
1027 3289 1146 3355 hancce
1166 3290 1301 3378 disposi-

281 3423 401 3486 tionem
419 3421 583 3499 voluisset‚
603 3420 685 3485 nihil
705 3420 908 3507 impediisset‚
929 3422 1097 3506 quominus
1107 3422 1140 3485 in
1151 3420 1299 3488 Sectione

317 3598 324 3628 ¹
346 3594 416 3665 „Hij
438 3594 460 3647 is
484 3593 601 3664 verpligt
620 3597 687 3647 voor
704 3594 751 3647 het
773 3558 946 3649 aanvaarden
968 3596 1016 3649 der
1025 3596 1136 3667 voogdij
1146 3596 1174 3649 in
1186 3596 1295 3650 handen

172 3713 174 3716 ·
277 3706 331 3742 van
366 3691 418 3754 den
448 3687 646 3757 kantonregter
668 3688 721 3740 den
742 3688 792 3741 aed
814 3689 846 3741 af
865 3694 893 3742 te
913 3688 1023 3758 leggen,
1047 3690 1096 3741 dat
1119 3688 1157 3759 hij
1183 3689 1218 3741 de
1243 3705 1295 3741 aan

277 3782 339 3835 hem
371 3780 588 3836 toevertrouwde
621 3778 744 3851 voogdij‚
785 3797 852 3833 naar
877 3780 1012 3835 behooren
1049 3796 1083 3833 en
1107 3778 1295 3851 getrouwelijk

256 3872 319 3925 *zal
341 3868 541 3928 waarnemen.''
