2784 5092
518 543 669 610 '29

182 769 255 836 Tali
285 771 471 857 probatione
492 770 589 848 enim,
611 770 701 836 utin
724 769 814 835 Aru.
835 771 925 836 320¹
952 781 1048 856 atque
1070 773 1155 841 1939

133 903 180 968 al.
205 907 224 970 2
248 903 287 970 Ο.
318 903 358 970 Ο.
386 909 399 948 ²
423 904 584 982 definitur,
606 904 675 989 ipsa
694 913 796 968 mater
825 903 1054 986 quodammodo
1080 929 1157 972 con·
1254 875 1261 920 .·

133 1036 222 1102 fiteri
241 1048 386 1103 censetur
414 1037 545 1117 factum,
568 1037 654 1121 quod
672 1037 707 1101 in
717 1037 845 1102 testium
864 1037 1078 1103 testimonium
1092 1061 1157 1104 non

131 1171 296 1235 convenit.

179 1303 257 1382 Non
286 1315 395 1369 tamen
425 1315 472 1370 est
508 1305 684 1370 verosimile
711 1304 839 1384 liberos,
870 1305 1028 1369 constanti
1057 1315 1157 1371 status

134 1435 312 1522 gaudentes
322 1437 526 1522 possessione,
550 1459 623 1502 cum
643 1437 683 1502 de
706 1438 774 1524 ipso
794 1437 904 1502 matris
917 1449 1012 1524 partu
1021 1448 1154 1518 constet,

135 1568 227 1662 oqnni
237 1568 430 1654 probationis
450 1591 507 1654 per
517 1569 705 1654 scripturam
724 1569 816 1634 initio
836 1571 989 1634 carituros
1008 1593 1087 1648 esse,
1120 1581 1158 1636 ut
1184 1588 1186 1593 '

134 1719 319 1766 Tounnlnn
343 1702 429 1767 hisce
450 1703 597 1787 exprimit
617 1701 735 1768 verbist
769 1702 828 1780 „Il
847 1702 913 1768 doit
932 1703 1053 1768 arriver
1071 1725 1157 1768 rare·

133 1846 227 1900 ment
247 1859 308 1920 que
323 1835 456 1900 l’enfant
475 1834 600 1900 natural
621 1837 677 1921 qui
696 1860 716 1900 a
733 1859 797 1901 une
816 1837 992 1924 possession
1011 1848 1156 1904 onstante

134 1968 179 2033 de
226 1991 260 2033 sa
297 1969 425 2054 qualite,
458 1969 537 2032 n’ait
556 1984 612 2055 pas
647 1969 783 2054 quelque
816 1980 1083 2036 commencement
1116 1970 1156 2036 de

136 2125 261 2190 preuve
281 2126 340 2188 par
359 2102 471 2167 ecrit?

187 2236 309 2318 Quodsi
328 2236 427 2323 igitur
446 2239 481 2300 in
500 2235 725 2322 perquisitione
745 2257 900 2320 quaenam
920 2235 961 2299 sit
979 2245 1080 2300 mater
1098 2259 1157 2302 na-

136 2370 265 2448 turalis,
290 2370 336 2433 ita
353 2379 499 2434 accurate
509 2380 540 2434 et
559 2379 651 2446 caute
672 2369 726 2456 agi
740 2369 834 2454 jubet
851 2368 949 2433 codex
975 2379 1093 2448 noster,
1119 2381 1158 2437 ut

137 2501 184 2566 ad
214 2502 430 2587 probationem
460 2525 501 2567 ne
530 2502 654 2567 minimi
674 2502 801 2587 quidem
831 2503 871 2567 sit
899 2505 1051 2568 momenti
1080 2506 1158 2569 assi-
1251 2591 1254 2595 1

136 2635 207 2700 dua
237 2645 268 2700 et
297 2645 443 2700 constans
464 2646 564 2701 status
583 2637 746 2722 possessio,
769 2637 839 2720 quis
859 2637 1046 2702 contendere
1066 2638 1154 2716 velit,

136 2791 213 2832 eam
244 2791 334 2855 posse
364 2769 481 2847 valere,
513 2780 674 2854 tamquam
703 2769 912 2834 volontariam
949 2770 1155 2856 agnitionem,

136 2902 226 2966 nulli
246 2903 414 2967 obnoxiam
434 2903 677 2968 contestationi?

181 3113 191 3145 ¹
212 3115 290 3180 „Het
307 3115 389 3188 begin
406 3133 461 3169 van
477 3115 571 3187 bewijs
588 3115 626 3186 bij
638 3115 782 3186 geschriste
800 3115 883 3170 vloeit
899 3123 980 3170 voert
993 3118 1034 3170 uit
1044 3117 1158 3172 familie·

139 3207 316 3276 bescheiden,
350 3209 391 3262 uit
416 3209 540 3280 registers
564 3226 599 3262 en
616 3208 771 3278 buisselijke
788 3210 915 3280 papicren
931 3228 986 3262 van
1004 3210 1056 3264 den
1075 3211 1159 3264 vader

140 3301 180 3356 os
202 3301 236 3353 de
254 3303 372 3369 moeder,
393 3303 425 3355 os
439 3302 494 3356 ook
513 3302 565 3356 wel
581 3301 620 3355 uit
638 3303 773 3373 openbare
792 3303 825 3356 of
833 3302 1052 3356 onderhandsche
1063 3301 1157 3368 akten,

139 3395 341 3448 voortkomeade
359 3413 411 3448 vua
431 3396 543 3462 iemoad,
572 3395 613 3448 die
638 3397 665 3447 in
694 3401 714 3448 't
731 3397 828 3464 qescbil
845 3397 981 3448 betrolclcen
995 3397 1026 3460 is,
1046 3393 1085 3460 of,
1104 3411 1161 3464 nog

120 3476 175 3541 'in
194 3485 272 3540 leven
290 3488 390 3558 zijnde,
410 3489 514 3558 daarbij
537 3489 637 3558 belang
658 3489 743 3542 zoude
764 3489 869 3542 hebben
891 3489 1010 3558 gehad.”

187 3583 196 3608 ²
231 3581 319 3646 „Men
331 3590 425 3640 noemt
443 3582 521 3637 aldus
540 3582 592 3636 allo
609 3581 788 3652 geschrevene
807 3582 900 3648 akten,
930 3580 1017 3634 welke
1033 3587 1161 3651 voortge·

141 3673 250 3726 komen
261 3674 315 3743 zijn
332 3692 386 3727 van
406 3675 556 3746 dengenen,
566 3682 646 3744 tegen
657 3674 725 3727 wien
739 3675 773 3727 de
784 3676 931 3744 vordering
942 3674 1049 3744 geduan
1061 3673 1158 3739 wordt,

143 3766 183 3822 of
200 3784 253 3820 van
270 3769 421 3838 dengenen,
444 3769 506 3823 dieu
524 3768 562 3838 hij
581 3767 855 3838 vertegenwoordigt,
875 3784 910 3821 en
928 3765 1014 3820 welke
1031 3767 1065 3820 de
1075 3765 1160 3819 daed·

142 3859 230 3926 zaek,
251 3877 360 3931 waarop
380 3879 441 3916 men
461 3861 519 3916 zioh
537 3861 659 3932 beroept,
679 3859 891 3933 waarscbijnlijk
909 3858 1038 3914 maken.''
