2784 5092
251 1317 299 1363 nn
330 1313 551 1370 aunnsrrona
576 1316 702 1364 uranu
728 1317 914 1368 vrncunan
952 1317 1117 1367 nxsrarnr
1151 1318 1282 1366 cwrnr:

330 1433 510 1496 riannrns
529 1450 637 1496 rnrna
658 1451 704 1497 nr
725 1451 874 1501 amasos
904 1451 1112 1500 narunnnns
1130 1450 1205 1498 non

403 1579 570 1642 somnos,
603 1581 732 1630 saurus
760 1582 984 1632 rossnssrorn
1021 1565 1119 1653 (quae

572 1693 705 1784 diuina)
736 1714 957 1763 enunnnrns.

301 2043 515 2132 Quamquam,
538 2056 576 2110 ut
600 2067 696 2132 supra
716 2045 905 2131 expositum,
928 2045 969 2110 sit
977 2045 1279 2133 legislatorisnostri
1373 2046 1374 2071 ¹

258 2199 404 2266 expressa
434 2180 593 2256 voluntas,
627 2187 659 2242 et
688 2177 849 2242 minorum
868 2176 1038 2242 admodum
1058 2177 1194 2255 intersit,
1239 2187 1281 2240 ut
1374 2170 1375 2219 ἶ

257 2310 349 2375 brevi
377 2321 551 2398 postnatos
580 2310 696 2374 liberos
726 2309 886 2374 naturales
917 2309 1057 2396 ajudice
1077 2282 1278 2384 cantonnali,

259 2442 299 2507 de
328 2443 486 2508 natalibus
515 2465 626 2507 eorum
655 2443 781 2508 certiori
806 2443 890 2508 facto
922 2445 1149 2531 amagistratu
1176 2453 1283 2508 status

262 2569 376 2648 civilis,
410 2570 437 2634 si
467 2579 567 2634 mater
597 2579 709 2655 sponte
738 2592 803 2634 non
823 2571 999 2657 agnoverit,
1028 2571 1080 2636 vel
1108 2593 1283 2658 agnoscere

262 2702 465 2781 recusaverit,
496 2711 583 2766 tutor
612 2701 805 2780 nominetur,
828 2713 933 2768 tamen
960 2704 1153 2790 experientia
1173 2703 1280 2781 docet,

264 2836 439 2922 permultos
470 2835 505 2900 in
537 2835 666 2900 civitate
696 2846 805 2900 nostra
832 2836 947 2923 degere
979 2835 1095 2900 liberos
1120 2834 1285 2900 naturales

264 2988 330 3031 non
362 2966 497 3052 agnitos,
531 2975 669 3032 attamen
700 2967 801 3032 tutela
831 2977 998 3055 carentesr
1017 2969 1108 3053 cujus
1138 2969 1185 3032 rei
1204 2967 1288 3032 haec

265 3115 361 3158 causa
383 3116 448 3158 esse
468 3093 605 3172 videtur,
629 3093 714 3179 quod
734 3094 824 3160 nulla
846 3097 974 3161 exsistat
998 3097 1078 3184 legis
1107 3095 1285 3182 dispositio,
1364 3133 1368 3142 ,

267 3251 330 3316 qua
350 3238 450 3294 status
470 3228 572 3293 civilis
592 3228 796 3315 magistratus
811 3230 954 3313 judicem
973 3231 1196 3296 cantonnalem
1216 3251 1289 3294 cer-

267 3363 380 3429 tiorem
410 3362 512 3428 faeere
542 3372 685 3450 cogatur,
720 3371 752 3427 et
781 3363 843 3428 hoc
872 3363 972 3451 igitur
992 3364 1060 3449 ejus
1083 3364 1213 3428 arbitrio
1233 3365 1290 3430 vel

268 3511 389 3569 eorum,
412 3512 548 3576 quorum
567 3490 702 3569 intersit,
726 3489 934 3576 relinquatur.
982 3489 1115 3578 Saepius
1129 3490 1289 3576 jamhaec

269 3623 384 3690 codicis
413 3624 514 3689 nostri
533 3623 648 3688 lacuna
671 3624 871 3711 gravioribus
890 3623 997 3688 locum
1017 3608 1103 3689 dedit
1129 3625 1289 3724 quaestio-

269 3751 375 3819 nibus.
408 3749 450 3816 In
470 3751 540 3817 aliis
561 3751 656 3818 etiam
676 3751 738 3818 hoc
760 3764 865 3817 ortum
875 3763 922 3819 est
936 3753 1080 3832 dubium,
1094 3776 1135 3818 an
1150 3751 1285 3840 agnitio,

272 3885 428 3972 quomodo
447 3884 590 3960 facienda
609 3886 680 3974 lege
697 3887 880 3972 requiritur,
908 3911 973 3953 una
993 3888 1034 3953 sit
1053 3887 1202 3965 conditio,
1222 3902 1287 3970 qua
