2784 5092
286 1262 334 1313 DE
355 1264 587 1314 ADuMPTIONu
609 1265 771 1313 TUTELAE
794 1266 963 1313 DATIVAE.

164 1577 287 1642 Tutore
309 1577 416 1643 liberis
445 1579 644 1644 naturalibus
669 1576 815 1663 ajudice
837 1576 922 1655 dato,
948 1577 1017 1641 fieri
1038 1586 1141 1662 potest
1219 1631 1220 1634 η
1273 1581 1275 1587 ’

119 1712 313 1777 alterutrum
345 1724 508 1798 parentem
541 1713 657 1777 liberos
680 1736 753 1777 suos
778 1734 959 1799 agnoscere,
986 1712 1042 1797 qui
1062 1713 1143 1800 legis

121 1846 361 1931 dispositionem
372 1848 505 1912 tutelam
522 1848 701 1933 legitimam
720 1846 780 1911 sibi
804 1847 1052 1911 committentem
1067 1847 1144 1913 alle·

122 1984 249 2061 gentes,
276 1998 295 2037 a
323 1984 428 2039 tutore
450 1951 565 2039 dativo¹
580 1997 650 2039 eam
673 1974 734 2039 sibi
755 1974 928 2039 vindicent.
975 1975 1145 2060 Itaquein
1167 1982 1169 1985 ’

124 2107 298 2206 tutelarum
320 2107 375 2171 illo
397 2129 554 2173 concursu
575 2118 661 2172 recte
683 2108 857 2192 quaeritur,
883 2129 1038 2191 quaenam
1053 2107 1145 2171 alteri

124 2240 217 2305 cedat
239 2264 366 2305 necesse
387 2242 459 2305 est?
504 2241 624 2307 Utrum
646 2242 714 2325 ipso
731 2242 803 2325 jure
825 2239 925 2304 tutela
947 2240 1144 2328 dativalegi·

127 2374 205 2438 tima
227 2373 375 2438 tollitur?
420 2373 517 2457 Quod
539 2375 566 2438 si
587 2383 647 2439 art.
674 2374 740 2439 408
764 2372 805 2439 C.
831 2370 871 2438 O.
898 2395 993 2459 supra
1004 2374 1144 2459 exposito

126 2508 222 2574 modo
255 2509 456 2595 interpretari
488 2519 584 2593 atque
616 2476 758 2593 accipere
791 2495 1045 2592 perseveramus,
1081 2532 1145 2595 non

125 2657 383 2726 possumus'non
405 2640 592 2707 affirmando
614 2639 821 2729 respondere.¹
846 2638 1049 2723 Quamquam
1061 2641 1146 2705 enim
1217 2715 1219 2719 7

126 2774 169 2837 sit
191 2796 304 2837 verum
326 2774 509 2859 parentibus
531 2774 730 2838 naturalibus
752 2794 816 2837 non
839 2772 931 2857 plura
955 2794 1021 2837 esse
1043 2773 1145 2839 tribu·-

126 2905 212 2971 enda
229 2906 305 2990 jura
331 2930 407 2993 erga
432 2905 558 2983 liberos,
584 2929 679 2990 quam
702 2906 770 2992 ipsa
791 2904 843 2970 lex
875 2905 913 2971 iis
935 2905 1058 2985 tribuit,
1082 2927 1146 2971 non

18 3062 19 3065 ¹
126 3037 228 3122 hujus
251 3039 428 3123 argumenti
452 3039 505 3103 hic
527 3038 608 3102 ratio
631 3038 741 3102 haberi
764 3047 878 3123 potest,
904 3051 1145 3125 cumexpresse,

126 3181 166 3235 ut
197 3170 347 3248 vidimus
372 3171 407 3235 in
440 3160 685 3237 Codice'nostro
709 3170 832 3255 leqttmi
854 3171 1048 3235 naturalium
1069 3171 1148 3236 libe·

126 3326 241 3367 rorum
273 3312 418 3387 parentes
441 3270 591 3367 dicuntur
612 3326 678 3368 esse
701 3312 832 3379 tutores
858 3302 926 3366 sine
948 3302 1014 3367 ulla
1036 3322 1150 3389 excep·

126 3438 238 3513 tione3
275 3433 360 3519 quod
389 3434 415 3497 si
436 3434 597 3519 legislator
618 3456 684 3498 non
707 3434 840 3543 excepit,
865 3457 969 3518 neque
990 3434 1080 3499 nobis
1103 3445 1150 3501 est

129 3564 372 3652 excipiendum.
420 3564 589 3630 Praeterea
612 3588 686 3654 curn
709 3562 784 3629 Art.
812 3564 876 3629 408
899 3564 941 3629 al.
969 3568 988 3630 2
1013 3570 1022 3608 ¹
1051 3589 1151 3651 aeque
1207 3657 1209 3663 y

169 3782 176 3810 ¹
200 3779 267 3850 „Bij
303 3778 541 3850 minderjariglieid
564 3798 617 3833 van
639 3781 692 3833 den
711 3780 793 3835 vader
817 3779 850 3834 of
868 3780 902 3833 de
923 3782 1041 3850 recedet,
1064 3783 1177 3837 wordt·

131 3875 272 3927 inou'dclelr
293 3874 361 3927 door
384 3875 437 3927 den
457 3873 654 3944 kantonregter
671 3871 700 3927 in
723 3874 756 3927 de
780 3873 890 3943 voogdij
912 3874 1068 3929 voorzien.”
