2784 5092
613 588 774 655 27‘

89 836 92 842 ·
119 809 270 893 qualibus
284 807 417 894 subjecti
427 810 524 875 simus
536 809 675 896 juribus3
699 811 755 877 illa
774 834 848 879 vere
857 812 910 879 hic
920 815 1067 883 exsistere
1077 816 1139 884 dici

118 942 243 1025 nequit.
297 942 488 1009 Liberorum
508 944 723 1032 legitimorum
744 920 905 1014 filiationis
924 950 1102 1035 probationi
1114 953 1139 1017 si

119 1074 284 1161 legislator
302 1074 409 1141 favere
430 1077 543 1155 voluit,
565 1077 627 1142 hoc
634 1078 669 1142 id
678 1089 821 1165 spectans
833 1080 918 1160 fecit,
932 1083 970 1147 de
980 1084 1139 1150 natalibus

114 1205 334 1292 legitimorum
357 1206 531 1273 liberorum
540 1218 646 1272 actum
656 1210 864 1296 perscriptum
875 1212 968 1297 plene
979 1236 1101 1300 semper
1108 1225 1140 1279 et

114 1346 204 1409 certo
223 1347 350 1424 partum
369 1340 480 1405 matris
500 1351 731 1426 parentumque
750 1365 867 1407 nomen
892 1344 1042 1423 indicare,
1066 1369 1139 1411 cum
1242 1430 1245 1435 Ι

114 1471 189 1553 quis
208 1481 293 1546 certe
303 1454 487 1558 ¹injuriandi
505 1474 623 1552 animo,
636 1474 825 1562 conjugibus
835 1473 954 1540 factum
964 1476 1139 1543 adscribere

114 1606 200 1672 velle
224 1606 311 1673 haud
335 1608 427 1676 facile
448 1610 639 1687 inveniatur,
662 1610 748 1694 quod
767 1610 870 1675 solum
889 1610 927 1675 iis
947 1610 1051 1675 decori
1073 1634 1139 1677 esse

114 1740 238 1825 possit3
268 1750 301 1804 et
319 1740 432 1807 deinde
451 1752 598 1828 parentes
616 1743 751 1830 legitimi
771 1732 836 1807 non
857 1741 949 1807 facile
978 1752 1140 1828 tamquam

116 1895 193 1939 suos
223 1883 358 1939 tractare
387 1885 419 1939 et
438 1876 579 1962 profiteri
599 1876 714 1941 liberos
735 1877 866 1955 soleant,
889 1876 990 1960 iisque
1024 1898 1140 1941 nomen

117 2028 216 2072 suum
234 2006 390 2087 addicere,
412 2009 468 2093 qui
492 2010 693 2095 exipsorum
715 2031 780 2072 non
799 2008 956 2095 procreati
974 2016 1141 2095 suntnup·

115 2137 184 2200 tiis.
232 2137 319 2201 Illud
349 2161 425 2203 vero
449 2140 580 2204 minime
606 2139 744 2204 voluisse
763 2139 985 2225 legislatorem,
1009 2163 1082 2204 cum
1103 2139 1142 2205 de

114 2269 227 2335 liberis
258 2270 365 2357 agitur
393 2271 603 2350 naturalibus,
638 2272 722 2337 clare
751 2271 842 2335 nobis
872 2279 959 2357 patet
989 2280 1049 2335 art.
1077 2272 1173 2337 343.-

116 2402 161 2471 O.
177 2402 237 2470 C.¹
267 2404 457 2491 legentibus,
480 2405 547 2489 qui,
566 2427 639 2469 cum
656 2405 698 2467 sit
715 2400 972 2490 perquirendum,
986 2423 1143 2486 quaenam

117 2539 163 2607 sit
181 2549 285 2603 mater
299 2540 465 2618 naturalis,
488 2550 527 2625 ut
546 2539 615 2605 scil.
637 2549 772 2625 cogatur
786 2539 860 2624 jure
880 2558 1050 2625 agnoscere
1080 2536 1143 2601 fili-

120 2672 277 2750 ationem,
301 2695 379 2759 opus
400 2695 466 2737 esse
486 2673 596 2739 statuit
614 2672 812 2759 probatione,
837 2674 872 2736 10
892 2670 1001 2734 matris
1020 2680 1142 2756 partus,

125 2804 287 2870 declarato
317 2804 385 2890 ejus
415 2805 563 2881 nomine3
597 2808 633 2869 2⁰
654 2804 734 2889 ejur,
755 2802 840 2887 quod
869 2801 965 2867 liberi
984 2800 1145 2865 naturales

120 2939 189 3001 sint
209 2936 316 3014 iidem,
340 2946 435 3022 atque
445 2937 468 3000 ii
478 2959 557 3020 quos
566 2936 689 3023 peperit
699 2944 799 3000 mater
808 2959 817 3012 ;
831 2957 911 3018 quae
921 2934 1086 3017 utriusque
1098 2934 1144 2998 rei

121 3069 285 3156 probati0,
318 3069 450 3133 testibus
481 3068 649 3148 adhibitis,
681 3078 818 3147 tantum,
850 3068 877 3133 si
905 3067 986 3134 adsit
1018 3066 1146 3132 initium

121 3200 322 3287 probationis
352 3224 409 3286 per
436 3200 636 3287 scripturam,
658 3200 727 3265 fieri
759 3208 862 3287 potest
877 3204 905 3263 ².
956 3199 1032 3264 Non
1047 3196 1147 3284 igitur
1205 3212 1207 3215 ’

160 3375 170 3410 ¹
204 3376 284 3443 „flet
310 3375 474 3444 onderzoek,
500 3376 552 3431 wie
578 3377 688 3431 moeder
705 3392 760 3429 van
777 3377 824 3431 het
842 3375 910 3429 kind
928 3376 960 3443 is,
981 3375 1069 3428 wordt
1085 3379 1144 3428 toe-

124 3466 248 3539 gelaten.
285 3467 320 3520 In
346 3469 481 3555 zoodanig
509 3470 599 3539 geval,
627 3470 650 3524 is
676 3469 722 3523 het
740 3469 807 3523 kind
825 3468 942 3539 verpligt
959 3474 987 3521 te
1004 3466 1145 3537 bewijzen,

125 3562 177 3615 dat
206 3560 254 3613 het
282 3560 306 3613 ia
334 3561 469 3617 hetzelfdc
486 3561 564 3630 kind,
584 3580 639 3617 van
656 3562 776 3619 betwelk
795 3563 831 3615 de
848 3562 956 3615 moeder
971 3560 992 3613 is
1011 3559 1146 3615 bevallen.

124 3654 183 3707 Tot
209 3671 280 3723 gean
309 3654 403 3725 bewijs
431 3655 499 3709 door
515 3656 644 3725 gatulgen
663 3656 752 3709 wordt
769 3654 816 3707 het
832 3653 900 3707 kind
918 3652 1081 3723 tocgelaten,
1101 3659 1148 3707 tcn

124 3761 199 3800 ware
217 3745 295 3800 reede
313 3763 363 3800 een
381 3742 465 3817 begin
483 3763 537 3799 van
556 3747 650 3817 bewijs
667 3747 706 3817 bij
726 3746 869 3817 geschriltc
888 3751 966 3815 mogt
983 3746 1123 3799 bestaan.”

158 3866 170 3897 ³
201 3860 245 3915 De
263 3858 463 3931 quaestionibus
479 3860 532 3915 hoc
549 3862 584 3915 de
613 3867 666 3914 art.
696 3866 747 3915 343
767 3860 833 3916 ortis
850 3859 887 3913 cf.
907 3874 1084 3926 zacnanmn,
1094 3858 1147 3927 IV,

125 3956 222 4023 toro,
235 3973 265 4027 p.
285 3960 347 4010 430.
365 3969 538 4023 nummu,
558 3955 614 4025 111,
634 3960 696 4009 240.
726 3968 850 4021 amum,
870 3972 897 4009 v.
918 3952 1069 4018 maternus,
1100 3964 1149 4003 na.
1268 3933 1274 3959 ⁴
