2784 5092
599 561 639 624 19

110 778 248 866 amplius
258 777 360 843 illiciti
370 778 445 844 facti
455 779 583 865 publica
593 779 768 866 ignominia
777 789 925 858 retentas,
943 778 1044 865 magis
1059 802 1127 843 ma-

111 915 224 1000 gisque
244 917 384 981 moribus
403 915 599 1003 depravatas,
625 915 746 980 miseris
768 916 867 980 vitam
900 916 975 980 darc
1006 915 1125 993 liberis,

111 1047 168 1132 qui
197 1047 249 1112 vel
279 1049 348 1134 ipsa
380 1071 434 1135 spe
456 1071 562 1114 carere
584 1048 701 1112 debent
722 1069 873 1131 umquam
895 1047 1026 1133 originis
1052 1069 1128 1112 suae

111 1193 144 1249 et
165 1184 273 1249 miseri
297 1193 396 1250 status
420 1207 453 1249 se
485 1185 673 1249 inventuros
705 1192 876 1248 auctorem.
923 1180 1008 1264 Quis
1034 1182 1128 1247 matri

107 1317 163 1402 jus
185 1318 305 1382 tribuat
337 1329 464 1404 partum
496 1317 640 1395 celandi,
675 1340 770 1403 quem
800 1317 854 1382 lex
885 1316 1021 1404 publicis
1051 1318 1129 1383 actis

112 1452 180 1516 luci
203 1452 254 1517 edi
285 1454 489 1539 praescribit,
526 1446 622 1538 idque
644 1461 762 1517 certam
784 1452 818 1516 in
839 1451 961 1516 finem?
1004 1449 1130 1515 Natura

88 1575 94 1584 ⁸
115 1595 148 1652 et
168 1585 222 1650 lex
244 1586 423 1671 prohibent,
459 1586 626 1671 quominus
649 1583 863 1649 dissimuletur
884 1591 1029 1647 sanctum
1051 1579 1129 1645 adeo

111 1714 279 1783 vinculum
310 1718 528 1796 maternitatis,
554 1718 638 1802 quod
670 1727 796 1782 tantum
827 1716 887 1781 hoc
916 1738 992 1780 casu
1023 1714 1130 1780 locum

111 1849 230 1919 habere
262 1851 365 1930 debet,
413 1876 475 1938 quo
519 1852 712 1918 declarantes
745 1853 806 1940 ipsi
841 1853 950 1918 matris
981 1853 1131 1940 ignorant

112 2004 251 2061 nomcn3
300 1983 576 2071 „impossibilium
608 1982 693 2048 enim
711 2006 713 2010 ’
731 1983 821 2048 nulla
853 1995 901 2050 est
943 1985 1130 2072 obligatio.''

114 2121 318 2205 Quamquam
361 2119 431 2202 quis
469 2126 602 2204 matrem
642 2116 687 2180 ita
719 2125 809 2201 putet
841 2117 1063 2205 degeneratam
1094 2135 1132 2190 ut
1181 2186 1184 2193 ,

17 2265 18 2270 ’
114 2254 246 2320 infantis
276 2251 409 2316 salutem
442 2250 627 2336 despiciens,
663 2249 748 2313 vitae
786 2272 859 2314 eum
897 2252 1041 2319 interitui
1077 2282 1131 2323 ex-

114 2409 234 2476 ponere
261 2385 391 2461 mallet,
416 2382 596 2469 repellendo
620 2383 695 2446 artis
718 2383 857 2461 auxilio,
882 2395 939 2449 aut
961 2397 1026 2453 tam
1048 2397 1132 2453 atro-

115 2539 186 2582 cem
217 2527 255 2582 ut
290 2517 398 2582 matris
421 2537 526 2579 amore
549 2509 748 2600 suppresso,
782 2513 1015 2583 infanticidium
1048 2542 1133 2585 com-

116 2646 268 2725 mitteret,
293 2647 398 2733 potius
421 2667 517 2730 quam
539 2644 776 2709 acerbissimum
794 2647 951 2733 suscipere
975 2647 1134 2714 dedecus?

118 2781 195 2848 Non
234 2784 341 2868 itaque
380 2781 474 2846 nimis
514 2780 628 2845 leviter
659 2780 736 2845 huic
766 2780 996 2869 indulgendum
1037 2805 1134 2870 argu·

17 2973 18 2976 ,
117 2928 237 2984 11161116.

164 3055 222 3122 Ad
243 3053 329 3120 vum,
355 3024 452 3132 Quod
474 3047 586 3114 attinet
608 3047 648 3112 ad
662 3049 723 3113 hoc
733 3062 966 3136 argumentum,
984 3059 1132 3142 medicos,

116 3191 284 3274 chirurgos
317 3184 456 3268 aliosque
483 3181 558 3246 artis
582 3181 719 3246 eruditos
736 3181 943 3268 jurejurando
965 3192 1066 3255 teneri
1087 3205 1136 3257 at·

17 3369 18 3406 3
117 3322 232 3409 queiis
255 3341 389 3406 poenam
411 3315 526 3380 minari
548 3313 699 3381 Codicem
710 3315 881 3384 Poenalem
893 3331 1002 3386 contra
1013 3325 1135 3391 violan-

17 3439 18 3516 ss
116 3451 190 3518 dam
213 3453 328 3529 fidem,
354 3431 566 3534 objiciendum
587 3457 747 3534 putamus,
772 3448 848 3514 Art.
875 3453 938 3518 378
961 3454 1067 3521 locum
1084 3481 1137 3523 oc-

126 3595 296 3671 cupantem
318 3584 352 3647 in
374 3591 464 3669 parte
487 3579 568 3647 Cod.
593 3578 743 3645 Poenalis
765 3603 846 3665 quae
878 3585 946 3670 agit
976 3589 1056 3665 ,‚dec
1087 3613 1137 3655 co-

119 3715 257 3793 loomics,
270 3714 405 3802 iujurcs”
417 3722 478 3778 etc.
492 3720 616 3776 tantum
626 3722 733 3776 vetare
744 3714 960 3801 imprudenter
973 3729 1005 3784 et
1021 3731 1138 3789 temere

118 3848 262 3936 patefieri
292 3869 406 3912 arcana
428 3844 534 3911 dolose
560 3855 592 3910 et
608 3845 747 3934 maligne
766 3847 926 3936 subrepta,
951 3862 982 3920 et
1010 3855 1140 3922 minime
