2784 5092
616 516 657 579 81

121 757 196 801 suos
210 736 295 801 domi
307 734 452 813 educare,
465 735 612 817 retinere,
625 736 731 812 omnia
739 734 874 822 denique
890 736 1052 824 perficere,
1066 756 1146 823 quae
1200 790 1202 793 .
1300 800 1301 804 ,

75 948 77 953 Ι
121 869 286 955 adpatria
305 871 461 935 utendum
482 880 635 956 potestate
657 871 827 958 pertinent,
853 871 1016 937 tolleretur
1037 873 1146 959 dispu⁴

122 1000 213 1063 tandi
239 1001 330 1064 ratio.
356 1001 398 1073 Et
408 1012 492 1066 recte
506 1003 667 1089 reputavit
676 1013 747 1067 tum
756 1002 927 1089 legislator,
945 1014 983 1067 ut
1003 1014 1146 1069 aeterna·

13 1153 14 1174 ¹
121 1154 195 1195 rum
213 1132 319 1197 litium
336 1144 431 1218 atque
451 1135 643 1199 familiarum
661 1136 833 1200 discordiae
843 1137 1044 1202 dirimeretur
1062 1136 1144 1216 fons,

122 1268 188 1329 ciro
209 1266 409 1351 potissimum
438 1290 506 1331 esse
536 1267 820 1332 commendandum
839 1268 895 1352 jus
922 1269 1143 1348 exercendum,

124 1400 243 1485 quippe
263 1400 320 1484 qui
339 1401 462 1487 ingenii
479 1401 592 1486 majori
614 1401 725 1488 vigore
744 1412 838 1484 atque
859 1400 1031 1475 voluntatis
1046 1403 1146 1467 firmi-

125 1542 191 1597 tate
202 1533 270 1636 ipsa
280 1537 394 1597 natura
404 1534 531 1602 mulieri
541 1534 684 1621 superior
701 1557 767 1598 esse
778 1543 872 1617 atque
890 1533 1076 1599 antecellere
1101 1546 1148 1601 est

123 1664 310 1729 destinatus.
342 1666 433 1730 Haec
461 1667 542 1730 ratio
564 1666 638 1744 fuit,
663 1666 748 1751 quod
771 1669 874 1731 omnia
891 1666 953 1730 hac
968 1665 1006 1730 de
1018 1688 1052 1730 re
1063 1666 1148 1731 circa
1265 1704 1270 1711 ·

125 1795 284 1884 legitimos
320 1809 467 1886 parentes
518 1810 685 1887 praecepta
730 1801 929 1865 naturalibus
969 1799 1147 1886 adaptanda

117 1932 259 2017 jusserit.
311 1934 402 1998 Idem
435 1936 520 1999 enim
552 1947 641 2000 extra
673 1937 801 2022 nuptias
836 1936 896 2000 hac
923 1936 967 1999 in'
988 1958 1023 1999 re
1053 1945 1148 2019 atque

13 2131 14 2146 p
63 2095 66 2099 ·
122 2077 265 2132 exstante
287 2069 488 2133 matrimonio
511 2069 607 2148 valet3
638 2093 775 2154 namque
797 2070 824 2133 si
853 2070 950 2154 patris
984 2069 1146 2155 agnitione

124 2201 235 2265 matris
262 2202 339 2285 jura
371 2188 436 2265 non
469 2203 533 2265 sint
554 2202 738 2279 minuenda3
765 2202 791 2266 si
813 2202 949 2265 civiliter
971 2202 1001 2265 ei
1023 2224 1146 2287 semper

13 2317 14 2380 Ῐ
125 2342 293 2397 extraneus
324 2334 381 2411 sit,
416 2343 523 2397 tamen
556 2334 617 2419 ipsi
649 2334 755 2411 matri,
792 2332 918 2418 quando
951 2333 1147 2397 auctoritatis

125 2489 243 2553 magna
264 2490 338 2554 pars
362 2468 391 2532 ei
414 2464 596 2552 surripitur,
618 2477 666 2531 est
675 2465 915 2553 inculpandum,
934 2468 1052 2554 quippe
1066 2490 1146 2551 quae

13 2583 14 2648 Ῐ
125 2601 220 2665 tacite
241 2602 275 2665 in
298 2600 359 2665 hoc
386 2601 571 2665 convenisse
594 2611 751 2679 censetur,
776 2601 849 2665 dato
872 2600 912 2664 ad
933 2601 1032 2687 patris
1055 2601 1146 2687 agni-

13 2779 14 2814 3
125 2730 244 2797 tionem
258 2754 413 2799 consensu
437 2732 531 2819 (Art.
558 2735 622 2800 339
639 2733 680 2800 O.
699 2733 772 2821 0.).
799 2733 955 2819 Explicite
978 2734 1078 2819 igitur
1087 2756 1143 2819 ap-

126 2861 378 2947 plicandusArt.
393 2867 469 2932 361.
486 2866 591 2934 OC..
617 2867 723 2931 Patris
734 2850 1141 2953 estetiamnaturaiis(Art.

13 2993 14 3016 ¹
128 2991 191 3055 356
215 2990 256 3057 O.
272 2990 332 3080 C.)
354 2994 489 3080 vigilare
511 3005 617 3079 atque,
653 2995 680 3059 si
708 3014 787 3081 opus
810 2996 862 3074 sit,
891 2995 1070 3081 prohibere,
1103 3018 1144 3059 ne

129 3122 260 3188 domum
292 3125 475 3210 relinquant
497 3127 606 3205 liberi,
641 3150 705 3211 quo
728 3126 795 3192 scil.
830 3148 882 3209 eos
903 3126 1046 3190 habitare
1078 3127 1145 3212 ipse

13 3351 14 3356 γ
127 3258 302 3337 constituit,
328 3261 387 3324 etsi
409 3283 474 3325 non
497 3262 538 3326 sit
560 3261 672 3347 ipsius,
699 3259 754 3327 sed
775 3260 884 3325 matris
907 3259 1028 3323 aliusve
1043 3254 1144 3322 domi-

13 3359 14 3366 *
127 3389 247 3454 cilium.
296 3392 375 3477 Ejus
408 3404 466 3471 est,
503 3393 529 3458 si
559 3417 672 3481 graves
706 3393 747 3458 ob
770 3414 880 3457 causas
901 3392 936 3455 in
959 3390 1073 3453 liberos
1097 3401 1144 3454 est

130 3521 279 3601 offensus,
294 3525 472 3610 nequeejus
489 3524 607 3590 suffieit
617 3526 657 3590 ad
669 3526 739 3590 illos
745 3523 946 3611 corrigendos
957 3519 1138 3600 auctoritas,

13 3735 14 3764 1
128 3654 256 3739 publica
284 3656 433 3722 invocare
455 3658 585 3737 auxilia,
611 3668 706 3741 atque
735 3656 829 3743 (Art.
852 3656 914 3721 357
939 3653 979 3721 C.
1007 3656 1066 3745 O.)
1090 3680 1142 3721 eos

13 3775 14 3796 ³
127 3784 317 3853 includendo
351 3789 390 3853 ad
425 3790 566 3856 officium
588 3815 723 3879 cogere3
762 3791 867 3855 omnia
889 3813 969 3874 quae
987 3790 1069 3874 juris
1092 3814 1141 3854 re·

992 3906 1004 3945 u
