2784 5092
91 808 188 875 Idem
222 806 262 873 de
291 805 405 872 ceteris
430 803 528 891 hnjns
563 802 721 872 &ctionis
746 804 837 869 Artt.
871 804 1052 883 dicendum,
1082 805 1118 873 in

92 939 214 1025 quibus
238 938 277 1033 de
303 939 444 1024 [epitimio
469 947 595 1013 tantum
616 958 719 1002 sermo
743 936 1010 1023 est'parentibus.

138 1074 188 1139 3⁰.
213 1071 354 1166 Habitae
378 1070 420 1137 de
441 1068 518 1135 Art.
542 1060 731 1146 409041.
756 1069 1022 1136 deliberationesl
1049 1092 1117 1135 om·

95 1205 155 1273 ries
184 1203 258 1270 hac
275 1203 315 1268 de
344 1226 380 1269 re
407 1202 542 1268 dubium
569 1201 750 1288 praecidere
774 1201 935 1267 videntur.
983 1202 1119 1268 Putavit

94 1339 187 1407 enim
217 1336 380 1425 legislator
410 1336 595 1423 parentinus
625 1334 826 1399 naturatibus
854 1335 910 1419 jus
946 1334 1027 1400 illud
1053 1356 1118 1400 non

99 1494 171 1537 esse
204 1442 457 1549 concedendum,x
481 1470 579 1535 hocce
610 1478 704 1534 utens
736 1477 942 1555 argumento:
979 1468 1116 1546 „omdat

96 1604 282 1671 anderszins
312 1626 390 1669 eene
410 1611 476 1668 met
497 1601 538 1669 de
560 1601 661 1689 goede
681 1600 780 1667 zeden
802 1599 978 1695 strijdende*
992 1600 1120 1667 betrek-

96 1738 183 1827 king
200 1761 245 1803 en
267 1737 447 1825 making
466 1736 568 1801 zoude
588 1736 707 1822 blijven
726 1736 869 1814 bestaan,
893 1706 1043 1800 tusschen
1058 1736 1120 1801 den

99 1868 200 1933 vader
222 1890 265 1933 en
287 1868 416 1933 moeder
439 1892 505 1934 van
529 1867 585 1933 het
605 1867 781 1954 notnurlijk
795 1867 885 1945 kind,
914 1867 1017 1933 welke
1037 1890 1120 1934 soms

98 1995 217 2061 beiden
248 2005 314 2061 met
347 1996 465 2063 endere
491 2018 648 2085 personen
667 1995 800 2061 kunnen
820 1998 882 2081 zijn
899 1996 942 2059 in
964 1995 1026 2061 den
1049 1996 1122 2061 echt

99 2128 289 2217 getreden.”
334 2130 378 2197 Et
401 2153 476 2197 vere
498 2140 579 2195 esset
602 2129 779 2195 timendum
801 2153 853 2208 ne,
873 2124 984 2195 illicito
999 2154 1122 2217 semper

100 2272 245 2328 exstante
267 2239 468 2341 commerciO,
496 2272 665 2349 superstes,
691 2262 836 2348 quamvis
857 2286 924 2344 non
939 2264 1118 2353 egnoperit,
1208 2272 1211 2283 ’

100 2395 221 2479 atque,‘
236 2394 322 2477 quod
342 2393 384 2460 ad
402 2393 557 2461 minorem
578 2394 703 2473 attinet,
730 2404 856 2459 mortuo
871 2394 1038 2459 assimilari
1048 2418 1121 2481 pos-

100 2527 153 2605 sit,
178 2535 267 2591 tutor
290 2527 478 2613 plerumque
499 2536 687 2592 testamento
707 2527 844 2607 dicatur,
874 2529 930 2614 qui
957 2498 1122 2616 sanguinis

96 2659 174 2743 jure
192 2658 393 2745 oppresserit.
441 2658 545 2723 Nemo
569 2681 645 2724 vero
670 2659 748 2723 talia
772 2660 865 2724 bonis
885 2660 1027 2724 moribus
1039 2683 1121 2726 scm-

100 2814 170 2877 per,
194 2800 295 2889 'atque
315 2790 488 2857 liberorum
508 2792 680 2857 commodis
691 2815 783 2879 saepe
798 2792 1119 2859 damnosadefendot.

102 2917 217 2989 Minus
235 2935 359 2989 rectum
382 2926 482 3012 igitur
505 2927 656 2991 contrarii
670 2926 872 2991 defensorum
888 2926 1015 2991 videtur
1025 2944 1121 3015 argu-

103 3067 261 3145 mentum,
287 3056 364 3124 Art.
390 3060 456 3123 413
480 3056 520 3125 O.
535 3056 575 3125 O.
591 3057 694 3143 judici
707 3057 903 3124 Cantonnali
915 3068 985 3123 tum
995 3058 1123 3125 demum

103 3159 257 3259 mandare
281 3192 550 3257 liberistntorem
570 3189 687 3267 dicere,
713 3188 740 3255 si
769 3188 992 3272 relinquantur
1016 3199 1120 3275 patre,

104 3335 218 3404 matre,
241 3335 298 3390 aut
319 3336 415 3389 tutore
437 3346 458 3387 a
479 3334 575 3389 matre
605 3334 659 3387 aut
668 3334 761 3409 patre
772 3330 958 3386 testamento
969 3324 1124 3387 nominato

106 3458 191 3535 orbi3
228 3456 435 3522 contradictio
469 3479 544 3521 vero
574 3456 652 3520 haec
684 3430 788 3519 estin
811 3455 956 3539 adject03
984 3456 1123 3541 primum

106 3591 191 3655 enim
210 3600 259 3655 est
281 3590 572 3667 demonstrandum,
594 3611 706 3653 revera
712 3590 767 3675 jus
777 3588 894 3653 habere
906 3598 1051 3673 parentes
1066 3612 1123 3653 na·

104 3723 237 3802 turales,
263 3734 401 3789 tutorem
432 3706 618 3790 testamento
643 3722 780 3801 dicendi,
806 3732 975 3806 antequam
998 3722 1050 3787 hic
1067 3746 1123 3810 ap-

137 3934 153 3981 t
178 3926 223 3987 Os.
242 3936 409 3992 voonnmn,
428 3923 485 3994 111,
504 3942 533 3995 p.
554 3928 598 3991 80,
618 3928 662 3977 81.
