2784 5092
772 543 816 609 34

276 781 303 836 et
321 792 427 835 rerum
444 790 563 832 commo
582 789 649 833 esse
668 765 733 833 dici
751 774 866 852 potest,
888 755 989 831 donec
1009 775 1113 831 aetate
1133 764 1287 853 progressi

274 901 339 966 suis
370 901 430 987 ipsi
459 900 545 965 enixi
575 899 709 977 viribus,
741 898 937 964 domicilium
965 899 1026 985 ipsi
1056 899 1192 986 eligunt,
1224 922 1286 984 quo

274 1000 420 1099 socialem
446 1033 561 1120 degere
585 1032 706 1119 possint
730 1032 840 1097 vitam.
878 1032 951 1097 Hoc
976 1052 1052 1099 vero
1077 1034 1182 1099 verbis
1203 1034 1282 1101 Cod.

274 1167 374 1231 nostri
411 1179 509 1246 „cam
547 1166 786 1257 toofdoerblc'ff”
826 1164 999 1253 (principal
1036 1164 1285 1255 etablissement)

273 1300 403 1365 omnino
427 1309 475 1365 est
500 1297 754 1386 intelligendum,
785 1298 869 1382 quod
895 1298 1005 1363 definit
1030 1305 1280 1365 nnuonounn¹

273 1431 304 1496 le
338 1433 404 1496 lieu
433 1432 512 1497 dont
543 1434 568 1497 il
599 1456 619 1497 a
642 1432 701 1497 fait
720 1432 751 1497 lc
771 1441 878 1497 centro
897 1432 937 1497 de
954 1454 1003 1497 ses
1022 1432 1159 1513 affaireS,
1181 1432 1221 1499 de
1242 1457 1288 1501 ses

272 1566 453 1645 affectione,
486 1567 526 1632 do
562 1590 625 1642 ses,
649 1565 828 1646 habitudes,
872 1567 902 1633 le
931 1567 1018 1654 siege
1047 1566 1133 1633 enfin
1162 1568 1203 1633 de
1232 1538 1288 1635 eon

274 1700 433 1765 existence
484 1699 615 1779 sociale,
655 1700 698 1764 ou
743 1697 767 1763 il
797 1700 871 1765 s’est
900 1699 996 1765 ctabli
1025 1698 1121 1765 d’uno
1150 1701 1289 1767 muniere

273 1843 480 1921 permanente
515 1843 549 1899 et
580 1832 724 1912 durable,
751 1854 832 1899 eveo
859 1796 1040 1929 l’intention
1058 1831 1097 1897 de
1120 1832 1169 1919 s'y
1189 1833 1283 1910 tenir,

276 1966 316 2032 de
353 1967 402 2053 s'y
440 1965 609 2045 mttochcr,
645 1965 702 2051 d’y
745 1966 871 2033 revenir
896 1970 945 2032 tot
971 1988 1013 2031 ou
1037 1964 1120 2045 tund,
1147 1966 1290 2050 lorsqu'il

271 2101 339 2166 s’eu
373 2100 532 2187 dloigne.''
572 2099 720 2165 Primum
754 2100 862 2183 itaque
897 2098 1069 2165 liberorum
1094 2099 1291 2165 naturalium

272 2233 469 2299 domicilium
494 2244 544 2299 est
566 2234 667 2314 locus,
707 2232 764 2299 ubi
793 2234 862 2299 nati
891 2244 977 2313 sunt,
1005 2233 1073 2299 sive
1102 2233 1289 2299 domicilium

245 2405 248 2411 ·
272 2369 413 2451 11191111,
437 2366 523 2451 quod
541 2366 729 2452 plerumque
747 2351 852 2453 ipsum
870 2365 980 2431 metris
997 2366 1058 2431 erit
1076 2364 1284 2471 domicilium.

273 2496 385 2580 Quum
413 2499 459 2562 111
488 2497 584 2563 semel
609 2496 649 2562 de
675 2497 834 2582 domicilio
864 2506 998 2576 constat,
1024 2497 1125 2583 judex
1155 2509 1287 2565 conton-

272 2629 365 2707 nalis‚
382 2629 424 2693 ad
442 2629 533 2715 cujus
545 2629 798 2715 jurisdictionem
813 2628 866 2694 hic
880 2630 1018 2715 pertinet
1032 2629 1132 2708 locus,
1149 2640 1289 2698 tutorem

272 2762 367 2828 dicet.
397 2762 471 2830 Hoc
491 2761 621 2846 quidem
641 2761 780 2827 maxime
797 2760 950 2845 aequitati
967 2759 1110 2847 legisque
1124 2761 1291 2850 principiis

224 2947 231 2956 .
272 2916 451 2981 congruum
484 2893 622 2959 videtur.
664 2891 768 2958 Aliud
802 2892 886 2957 onim
920 2890 1024 2956 addici
1056 2914 1147 2977 posse
1180 2893 1290 2960 liberis

272 3027 340 3091 istis
368 3027 563 3092 domicilium
589 3037 707 3092 temere
729 3025 877 3091 contendi
899 3020 1066 3090 credimus.
1103 3025 1290 3093 Doleudum

272 3180 348 3223 vcro
375 3159 471 3224 etiam
496 3160 586 3225 illam
612 3160 648 3225 iu
670 3158 752 3227 Ood.
777 3168 886 3227 nostro
907 3158 985 3243 quid
1002 3157 1085 3245 juris
1105 3160 1159 3239 111,
1185 3160 1291 3229 incer·

272 3285 458 3370 titudinem,
490 3287 693 3359 difficultates
723 3312 857 3380 augere,
889 3309 971 3377 quae
998 3290 1113 3357 tutoris
1142 3292 1291 3361 nomina-

272 3422 391 3489 tionem
408 3425 478 3511 jam
499 3427 688 3513 impediunt.

307 3578 315 3609 ¹
341 3579 366 3646 Ι,
384 3586 428 3633 nr.
449 3586 510 3648 144,
527 3598 556 3652 p.
570 3553 640 3637 mc

667 3762 872 3775 ...uh-.—
