2784 5092
495 477 653 608 ’.15

118 743 354 841 cognoverunt,
380 752 515 818 celandi.
543 723 707 835 Qnihisce
716 755 757 821 de
774 757 870 823 rebus
880 769 1056 847 tractarunt
1064 785 1141 828 auc-

116 896 206 950 tores
229 886 322 950 ambo
345 885 421 949 istos
443 907 534 949 casus
563 885 658 950 simul
680 889 836 975 complexi
858 901 986 957 suntet
1014 904 1140 960 tantum

118 1018 313 1104 generaliter
354 1016 613 1100 disquisivenrnt,
658 1040 713 1097 an,
758 1031 848 1086 extra
886 1025 1013 1110 nuptiae
1055 1027 1140 1092 edito
1208 1041 1214 1046 '

117 1159 229 1234 partu,
255 1147 448 1212 declarantes
474 1148 545 1234 lege
572 1149 643 1236 cogi
676 1153 808 1236 possint,
852 1156 962 1220 matris
1000 1156 1141 1242 proferre

38 1283 41 1285 ’
119 1243 264 1346 nomen?
288 1277 383 1365 Quod
408 1290 515 1344 tamen
535 1281 728 1361 mirandum,
754 1285 909 1368 siquidem
935 1288 1139 1354 manifestum

62 1397 64 1400 V
120 1423 171 1478 cst
202 1434 268 1477 non
307 1411 431 1476 easdem
468 1412 520 1476 htc
554 1412 660 1478 valere
692 1415 732 1480 de
759 1427 899 1502 'unoque
931 1443 1137 1506 personarum

117 1569 238 1634 genere
258 1547 406 1625 rationes3
428 1570 571 1632 namque
598 1551 644 1614 1⁰.
673 1573 748 1615 cum
778 1551 922 1637 privatus
953 1553 1059 1633 homo,
1085 1579 1137 1622 ar·

116 1701 200 1744 cana
242 1679 283 1743 ab
333 1680 397 1743 elio
439 1679 499 1744 sibi
539 1683 704 1746 commissa
740 1682 847 1762 edens,
889 1670 985 1749 nulla
1017 1682 1135 1751 Codice

6 1839 9 1844 ·
115 1791 225 1898 penali
267 1805 439 1898 perscripta
479 1817 582 1898 poeni
614 1813 674 1878 hoc
716 1814 805 1879 luere
836 1814 950 1880 debeat
979 1815 1131 1902 perfidus,

116 1943 211 2008 aliter
255 1943 295 2007 de
323 1941 480 2030 chirurgia
514 1943 732 2030 similibusque
753 1945 849 2023 valet,
881 1948 938 2031 qui
959 1957 991 2011 et
1008 1947 1134 2033 jureju-

115 2075 218 2141 rando
250 2074 510 2165 (Hippocraticd)
538 2088 688 2143 tenentur
715 2079 757 2142 ad
778 2079 909 2144 celanda
930 2079 1064 2145 aliorum
1085 2104 1134 2147 ae-

114 2220 229 2287 creta,x
251 2211 286 2274 in
315 2233 447 2276 munere
472 2209 635 2296 fungendo
665 2211 726 2275 sibi
756 2211 925 2297 patefacta,
958 2222 991 2276 et
1016 2210 1135 2282 Codice
1205 2227 1209 2231 ’

113 2337 233 2403 Penali
260 2342 271 2380 ¹
298 2337 538 2424 ajmejurando
556 2337 706 2405 violando
725 2351 893 2416 arcentur3
920 2343 968 2404 2⁰.
991 2363 1058 2406 non
1076 2363 1133 2407 vo-

114 2437 256 2537 luntarie
284 2471 325 2534 ad
352 2470 488 2535 medicos
517 2450 688 2558 confugere
713 2472 825 2551 solent,
850 2487 932 2556 quae
953 2493 1062 2538 eorum
1083 2473 1133 2538 in·

114 2605 227 2692 digent
259 2603 377 2668 auxilio
408 2565 451 2668 ad
474 2613 601 2690 partum
624 2603 792 2684 edendum,
818 2605 873 2669 sed
893 2605 968 2689 quia
988 2605 1133 2671 imminet

115 2745 243 2800 coactae
265 2732 349 2796 vitae
372 2731 448 2796 suae
470 2742 564 2815 atque
585 2732 689 2818 prolis·
704 2731 894 2817 periculum.

81 2907 85 2914 .
161 2866 202 2931 In
225 2864 364 2930 diversas
385 2873 490 2950 partes
512 2862 571 2928 hac
593 2864 628 2928 in
650 2885 685 2928 re
707 2864 826 2928 abeunt
847 2863 931 2930 Icti,
957 2861 1051 2943 Sunt,
1073 2865 1130 2949 qui

151 3065 241 3118 ¹Art.
272 3067 323 3115 378
341 3060 374 3114 O.
393 3059 427 3112 P.
457 3057 597 3126 „Genees-
614 3075 648 3112 en
667 3057 853 3115 beelmeeatere
873 3077 907 3115 en
926 3062 1025 3115 andere
1044 3068 1130 3116 coort

5 3193 6 3214 2
116 3154 219 3226 gelijke
237 3153 423 3219 ambtenaren‚
448 3151 565 3205 alsmede
586 3151 620 3205 de
641 3151 896 3223 artaenijbereidem‚
915 3155 1129 3208 vroedvrouwen

116 3263 151 3304 en
179 3246 232 3300 alle
263 3247 363 3299 audere
390 3261 531 3314 personen,
557 3245 626 3298 door
651 3245 709 3298 hun
738 3252 810 3298 etaat
840 3245 873 3299 os
901 3245 1002 3316 beroep
1032 3245 1129 3301 kennie

116 3340 255 3411 dragende
286 3355 340 3392 van
374 3336 530 3406 gebeimen,
562 3336 648 3391 welke
680 3336 736 3391 hun
770 3339 969 3391 toevertrouwd
1000 3339 1125 3405 worden,

5 3423 7 3476 Ῑ
105 3449 244 3487 ¹warmeer
273 3429 319 3500 zij,
345 3429 437 3483 buiten
459 3430 493 3483 de
514 3429 650 3500 gentian,
672 3429 775 3483 waarin
801 3429 835 3483 de
859 3429 985 3483 aether
1011 3429 1129 3501 verpligt

5 3505 7 3576 l
118 3541 162 3578 om
190 3522 361 3592 aaubrenger
387 3526 415 3574 te
439 3538 539 3590 wezen,
569 3523 633 3575 deze
656 3521 799 3592 gehelmen
822 3522 1015 3592 geopenbaard
1037 3521 1127 3584 cullen

5 3603 6 3608 ἵ
115 3615 232 3682 hebben,
257 3611 346 3666 zallen
369 3613 485 3684 ganan
505 3611 615 3666 worden
637 3619 693 3667 met
714 3628 780 3667 eene
800 3610 966 3684 gorangenie
985 3630 1040 3665 van
1060 3631 1127 3670 eene

5 3701 7 3728 ⁷
115 3715 158 3762 tot
178 3725 223 3762 zea
244 3705 379 3760 meander
403 3720 437 3759 en
462 3719 528 3760 eene
554 3703 635 3759 boeto
659 3721 713 3757 van
738 3702 860 3758 honderd
883 3709 926 3757 tot
949 3701 1125 3772 vijthonderd
1170 3724 1172 3732 ⁴

114 3797 258 3853 sraukeu.'’
