2784 5092
621 587 728 669 ee

617 806 673 864 III.

176 966 323 1025 Probanda
348 966 418 1023 mihi
451 965 561 1023 videtur
578 966 646 1023 Jure
664 966 791 1023 Romano
814 967 916 1023 tutelae
939 965 1063 1025 definitio
1087 965 1154 1035 „vis

138 1112 170 1150 ao
192 1097 314 1169 potestas
334 1092 365 1149 in
383 1092 473 1170 eapite
491 1092 577 1150 libero
598 1092 634 1150 ad
652 1091 788 1149 tuendum
807 1111 880 1163 eum,
903 1092 951 1169 qui
970 1112 1019 1170 per
1038 1096 1154 1151 aetatem

137 1236 166 1275 se
183 1217 256 1276 tueri
274 1217 381 1293 nequit,
401 1216 463 1291 jure
481 1215 556 1274 civili
575 1215 640 1273 data
657 1215 703 1273 vel
722 1215 885 1292 permisse.”

618 1507 670 1569 IV.

177 1669 268 1728 Verba
283 1671 312 1727 in
337 1670 371 1729 L.
389 1669 452 1728 XV.
480 1670 492 1745 ξ
518 1673 546 1727 2.
570 1669 609 1726 D.
632 1668 666 1726 de
684 1674 749 1727 test.
772 1669 854 1727 milit.
878 1669 927 1739 „si
945 1670 1073 1729 voluntas
1092 1689 1156 1729 oon·

138 1794 222 1853 traria
245 1813 302 1853 non
326 1794 381 1851 sit’'
408 1795 448 1852 ita
467 1799 533 1852 sunt
553 1794 724 1871 accipienda:
750 1794 798 1865 „si
822 1796 857 1853 ab
883 1795 934 1853 heo
958 1797 1100 1855 voluntate
1128 1816 1157 1855 se
1240 1751 1278 1813 i*

139 1938 197 1976 non
216 1917 366 1987 recessisse,
388 1917 565 1995 aliquomodo
585 1918 765 1977 declaravit.''

627 2213 664 2269 V.

181 2373 217 2430 In
245 2371 339 2429 liberis
367 2372 539 2430 naturalibus
568 2371 704 2449 possessio
734 2378 832 2443 status,
865 2393 934 2451 quee
963 2374 1073 2445 dieitur,
1098 2374 1159 2450 jure

114 2534 118 2539 -
143 2501 238 2554 nostro
257 2514 315 2554 non
334 2495 500 2572 agnoseiuu.

628 2772 681 2829 VI.

185 2927 386 3005 Jusjurandum
414 2926 644 3003 Hippocratieum
673 2934 702 2986 et
731 2929 794 2987 Ari.
829 2932 863 2993 37
869 2933 885 2987 8
915 2928 947 2988 Ο.
976 2930 1010 2988 P.
1042 2930 1162 2989 medicos

146 3054 261 3112 minime
296 3049 463 3127 impediunt,
494 3048 642 3125 quominus
673 3050 749 3108 Arte.
778 3054 814 3108 30
844 3056 872 3109 ei
901 3055 936 3109 31
963 3050 996 3108 Ο.
1023 3050 1055 3109 C.
1086 3070 1163 3128 prae·

148 3176 257 3254 seriptis
277 3174 479 3249 obtemperent,
497 3171 581 3229 etiem
602 3171 699 3230 matris
723 3172 856 3232 naturalis
881 3192 982 3231 nomen
1006 3174 1081 3251 apud
1102 3175 1163 3233 Ma-

97 3286 100 3289 *
148 3300 296 3375 gistratum
315 3295 409 3353 sutus
428 3294 525 3353 Civilis
545 3295 710 3370 profitendo.

624 3546 692 3603 VH.

124 3719 128 3725 ‘
190 3708 282 3767 Liberi
306 3708 454 3777 nauuales,
467 3706 566 3797 ,etiem
583 3682 741 3765 viventibus
760 3706 809 3787 qui
827 3724 874 3765 eos
894 3711 1064 3783 agnoverunt
1083 3708 1165 3767 utris-

149 3850 202 3907 que
223 3832 394 3908 pereutibus,
416 3833 505 3891 tutele
523 3830 689 3890 muniuntur
705 3830 766 3905 jure
785 3835 889 3889 nostro.
