2784 5092
242 1567 415 1623 numento
443 1568 491 1614 DE
513 1568 635 1616 MATRE
666 1567 831 1629 numen,
869 1568 1076 1618 OONJUNOTA
1101 1573 1257 1619 MARITO.

86 2044 91 2051 ·
192 2084 195 2091 ¹
284 2008 489 2075 Praeclarum
521 2020 553 2075 et
575 2009 713 2075 salutare
735 2019 782 2075 est
803 2010 884 2097 legis
906 2021 1031 2079 nostrae
1053 2024 1259 2100 praeceptum

241 2140 334 2229 (Art.
371 2144 435 2210 405
466 2142 507 2211 C.
532 2143 606 2234 0.),
641 2154 788 2222 matrem,
813 2145 870 2209 ubi
891 2145 1010 2211 tutelae
1037 2146 1072 2211 in
1094 2169 1128 2211 se
1150 2168 1258 2212 susce·

239 2275 321 2362 perit
351 2278 525 2364 gestionem
557 2276 731 2342 liberorum
760 2277 975 2365 legitimorum
998 2288 1030 2343 et
1066 2278 1155 2343 aliud
1176 2279 1260 2344 inire

239 2408 358 2497 cogitat
384 2411 632 2488 matrimonium,
658 2421 732 2475 ante
754 2411 834 2475 illud
856 2410 1118 2490 contrahendum,
1140 2412 1260 2497 judicis

239 2542 448 2620 cantonnalis,
481 2542 598 2607 auditis
627 2553 684 2606 aut
713 2543 773 2607 rite
795 2544 975 2608 convocatis
1010 2544 1153 2631 cognatis
1187 2544 1259 2609 affi-

240 2674 375 2740 nibusve
396 2674 569 2755 minorum,
593 2672 784 2741 decisionem
807 2698 873 2741 esse
896 2676 1139 2763 impetrandam,
1152 2689 1258 2744 antu-

240 2806 336 2871 telam
358 2831 395 2871 ea
416 2808 552 2872 retinere
574 2807 700 2893 poterit.
749 2806 784 2875 Si
806 2808 867 2872 hoc
889 2809 1075 2895 neglexerit,
1098 2810 1167 2895 ipso
1182 2811 1258 2895 jure

238 2937 356 3000 amittit
385 2936 530 3013 tutelam,
566 2947 598 3000 et
629 2960 649 3000 a
678 2959 762 3000 novo
795 2937 908 3001 marito
936 2938 970 3001 in
1007 2938 1143 3003 solidum
1173 2942 1264 3020 ratio·

236 3070 337 3156 repeti
359 3079 472 3155 potest,
503 3070 646 3135 omnium
669 3070 779 3134 illicite
802 3079 910 3157 gestae
926 3070 1045 3135 tutelae
1065 3080 1253 3135 eventuum.

237 3202 332 3268 Patet
358 3202 455 3287 hujus
491 3202 676 3289 praescripti
698 3202 798 3265 ratio:
828 3212 929 3266 mater
954 3202 1039 3265 enim
1065 3201 1105 3265 ad
1126 3202 1255 3288 nuptias

237 3335 419 3413 convolans,
443 3335 476 3398 in
497 3357 627 3398 manum
649 3332 763 3397 transit
783 3333 858 3397 novi
879 3333 996 3411 mariti,
1019 3356 1122 3417 neque
1150 3333 1255 3399 ullum

236 3468 395 3534 efficiendi
425 3478 532 3533 actum
563 3466 746 3531 facultatem
773 3464 870 3531 habet
902 3465 970 3531 sine
991 3464 1059 3550 ejus
1081 3488 1251 3531 consensu.

236 3604 330 3669 Illius
361 3602 519 3667 voluntati
547 3599 641 3686 plane
670 3597 856 3683 subjicitur,
892 3609 988 3681 atque
1022 3598 1136 3662 morali
1166 3599 1255 3664 subit

236 3736 438 3813 auctoritati3
461 3736 707 3800 instrumentum
736 3731 797 3796 dici
824 3726 926 3817 potest
956 3732 991 3796 in
1008 3732 1112 3796 mariti
1139 3755 1251 3810 manu,

236 3871 321 3961 quod
339 3868 491 3956 quidquid
512 3868 590 3933 velit
609 3865 760 3953 perficere
778 3864 1016 3951 constringitur.
1065 3863 1135 3931 Lex
1160 3866 1189 3929 ei
1203 3865 1253 3928 in-
