2784 5092
601 523 640 586 21

102 744 165 808 via
172 744 370 818 obrueretur,
388 761 451 826 qua
466 737 558 804 facile
572 737 612 804 ad
626 739 735 836 matris
744 739 959 806 inventionem
969 739 1127 826 perveniri

101 873 222 959 possit,
246 866 346 958 quum
367 869 698 957 nominisinscripti0,
735 873 879 956 quamvis
914 895 980 938 non
1005 881 1128 938 certum

101 1014 249 1092 praestet
279 1003 505 1079 testimonium,
537 1011 675 1067 attamen
717 1024 816 1090 grave
846 1002 1009 1090 perhibeat
1044 1000 1130 1066 indi-

102 1137 209 1214 cium,
223 1121 555 1221 quodplerumquead
574 1134 740 1200 veritatem
750 1134 857 1213 ducat,
880 1157 1005 1200 necesse
1024 1145 1072 1201 est
1092 1139 1124 1197 ¹.

104 1270 328 1352 Quamobrem
347 1269 405 1334 ubi
441 1269 494 1334 lex
522 1269 743 1356 magistratum
780 1279 880 1334 status
912 1270 1015 1336 civilis
1041 1281 1131 1336 vetat

105 1402 327 1467 inscriberent
345 1400 539 1466 declarantes
555 1423 668 1488 rogare
687 1401 786 1488 patris
805 1424 933 1480 nomen,
956 1411 1066 1467 contra
1095 1403 1129 1468 id

15 1497 17 1502 V
106 1531 218 1618 ipsum
238 1532 419 1618 permittere
438 1509 577 1609 videtur,
601 1531 658 1597 ubi
678 1531 719 1598 de
737 1533 846 1597 matris
864 1533 993 1598 nomine
1017 1555 1128 1618 quaes·

107 1666 157 1729 tio
182 1674 238 1730 est.
273 1670 285 1708 ²
436 1747 439 1752 Ι
983 1746 986 1751 ¹

139 1797 283 1882 .Itaque,
307 1805 345 1861 ut
364 1795 536 1882 potuimus,
570 1794 734 1887 ostendere
768 1797 899 1875 conatis,
928 1797 1068 1862 strictam
1097 1770 1130 1863 et

107 1928 285 2014 praecisam
317 1925 378 1990 hac
405 1927 445 1991 de
465 1949 499 1992 re
519 1926 554 1991 in
574 1925 681 1991 codice
701 1936 808 1991 nostro
829 1926 999 1993 desiderari
1018 1927 1130 1994 decisi·

108 2083 217 2138 onem,
239 2059 401 2147 potissimo
431 2059 522 2125 nobis
545 2060 614 2124 viso
634 2058 750 2146 agendi
769 2059 862 2125 modo
883 2062 1035 2147 exposito,
1060 2084 1131 2149 spe-

108 2194 249 2260 randum
278 2197 380 2272 nobis,
408 2191 692 2290 jnurisprndentiam
721 2191 761 2257 de
801 2194 893 2280 gravi
922 2193 982 2258 hac
1019 2217 1130 2280 quaes-

16 2339 17 2342 ’
112 2328 202 2393 tione
221 2327 418 2392 firmaturam
437 2347 504 2391 esse
524 2323 656 2392 curiam
675 2334 817 2389 nostram
832 2348 1023 2414 supremam.

153 2547 163 2580 ¹
186 2546 230 2602 Os.
249 2561 339 2614 auore,
354 2545 482 2615 Regtapr.
501 2560 556 2597 van
574 2545 627 2598 den
644 2545 681 2598 H.
701 2545 750 2613 R„
768 2544 809 2612 11,
829 2560 893 2615 pura
910 2548 937 2611 t,
956 2545 992 2597 ad
1011 2549 1063 2599 art.
1078 2551 1129 2601 848

113 2639 148 2696 G·
171 2638 214 2705 0.,
241 2638 287 2691 ubi
305 2637 458 2691 decernitur
474 2634 565 2690 liberis
583 2636 751 2691 naturalibus
769 2636 928 2690 facultatem
948 2636 1041 2690 dutum
1060 2655 1127 2709 esse,

16 2767 17 2778 ἢ
111 2750 131 2786 α
145 2731 243 2802 priori,
263 2731 320 2784 sine
331 2729 491 2799 probatione
500 2743 548 2798 per
559 2728 730 2800 scripturam,
744 2728 915 2799 designatum
924 2737 1039 2785 matrem
1048 2731 1131 2786 inter·

17 2847 19 2906 ᾗ
110 2823 253 2894 rogationi
279 2819 438 2894 subjiciendi
460 2820 520 2893 (aar
545 2821 611 2882 faits
628 2829 652 2874 et
669 2820 802 2890 artum),
820 2837 892 2892 quae
908 2830 1021 2879 testetur
1037 2824 1131 2880 matris

17 2909 19 2978 ξ
110 2919 235 2985 partum.

18 3087 19 3090 η
159 3051 169 3078 ²
201 3049 244 3104 Cf,
264 3064 351 3118 anor,
372 3051 407 3104 nd
419 3049 465 3104 cit.
477 3049 603 3106 a1t.Arr.
624 3053 659 3102 24
677 3047 744 3104 Dec.
766 3055 917 3121 1845,vart
927 3069 987 3110 nau
1000 3069 1129 3124 nonnas,

113 3142 173 3210 111,
193 3159 221 3213 p.
242 3148 392 3198 tat-244.
411 3143 539 3198 Weekbl.
559 3157 602 3196 nv.
623 3146 686 3197 685.
