2784 5092
723 553 765 616 74

230 781 345 859 potest,
372 782 445 860 post
476 771 659 837 alterutrius
695 780 864 858 parentum
894 780 1028 837 mortem
1049 782 1145 856 atque
1169 773 1250 839 libe-

230 904 274 969 ris
291 904 351 969 sub
379 904 479 969 tutela
504 904 572 989 jam
602 903 791 991 degentibus
813 902 932 982 dativa,
963 904 1099 970 alterum
1120 905 1250 971 demum

230 1058 411 1123 agnoscere.
444 1034 534 1118 Quid
553 1006 618 1100 hu
625 1036 734 1121 juris?
770 1018 890 1103 Utrum
909 1036 1035 1101 dativus
1066 1048 1153 1103 tutor
1176 1039 1251 1104 talis

229 1189 296 1232 esse
302 1177 477 1253 permanet,
491 1188 532 1231 an
542 1178 736 1253 postremum
752 1190 925 1255 agnoscens
937 1168 974 1232 fit
995 1170 1102 1233 tutor?
1126 1170 1251 1252 Quam-

228 1296 277 1361 vis
303 1296 494 1381 quibusdam
515 1296 632 1360 mirum
653 1297 752 1383 possit
777 1296 889 1375 videri,
919 1297 1016 1361 semel
1042 1299 1249 1363 constitutam

227 1427 361 1493 tutelam
391 1438 458 1492 tam
486 1427 600 1493 leviter
626 1426 691 1492 alia
714 1429 890 1514 permutari
913 1410 1017 1512 atque*
1035 1429 1155 1507 ·<lirimi;
1174 1450 1249 1494 curn

228 1560 325 1625 semel
345 1559 503 1647 legitimos
523 1569 643 1624 tutores
657 1570 780 1625 constet
790 1560 980 1625 antecellere
997 1560 1123 1637 dativis,
1153 1559 1248 1646 plura

228 1688 281 1754 htc
313 1690 427 1756 addere
458 1713 692 1777 supervacuum
727 1701 820 1771 esset,
858 1700 953 1775 atque
983 1691 1121 1756 sufficiat
1148 1692 1248 1778 igitur

227 1818 389 1901 lectorem,
420 1821 462 1887 ad
494 1845 573 1907 quas
603 1822 665 1885 hac
686 1820 726 1887 de
745 1843 781 1885 re
797 1821 866 1906 jam
887 1824 1090 1911 exposuimus
1110 1824 1248 1889 rationes
1349 1834 1351 1837 '

226 1953 397 2018 remittere.
448 1954 565 2049 Tutela
591 1953 677 2018 enirn
708 1953 870 2040 legitima,
901 1977 982 2039 quae
1018 1966 1112 2021 antea
1150 1957 1247 2023 alter-

224 2086 328 2151 utrius
338 2095 507 2173 parentum
529 2086 694 2173 agnitione
715 2087 889 2167 exstiterat,
914 2088 999 2172 quod
1019 2089 1061 2153 ad
1082 2112 1168 2168 eum,
1189 2092 1245 2176 qui

225 2228 298 2305 post
317 2218 414 2304 hujus
443 2228 578 2302 mortem
605 2219 761 2306 agnoscit,
786 2219 877 2285 nulla
897 2220 993 2287 fuisse
1016 2231 1064 2287 est
1084 2220 1242 2289 habenda.

226 2342 262 2411 Si
283 2320 433 2426 maxime,
456 2357 493 2411 ut
515 2356 562 2411 est
581 2346 776 2437 legislatoris
796 2341 1005 2439 propositum,
1029 2351 1267 2439 agnitionibus

225 2475 333 2543 favere
361 2476 401 2541 ad
433 2500 549 2565 easque
581 2490 728 2565 parentes
754 2481 916 2547 naturales
937 2483 1073 2549 invitare
1095 2484 1243 2563 velimus,

225 2631 292 2675 non
313 2609 405 2675 aliter
424 2611 517 2675 nobis
538 2621 586 2677 est
610 2611 860 2699 dijudicandum.

194 2777 202 2785 ·
269 2743 367 2827 Quod
388 2746 503 2811 attinet
521 2746 561 2811 ad
582 2730 716 2813 alteram
736 2748 963 2835 quaestionem,
988 2771 1080 2833 quae,
1104 2772 1170 2815 non
1190 2772 1243 2815 eo·

225 2876 298 2967 dem
318 2845 461 2965 tempore
478 2879 678 2945 naturalibus
700 2882 945 2969 agnoscentibus
967 2882 1165 2970 parentibus,
1188 2907 1243 2949 ex·

225 3010 334 3078 sistere
362 3020 477 3098 potest,
494 3012 576 3098 scil.
609 3035 651 3078 an
673 3023 775 3079 mater
796 3014 959 3103 agnitione
981 3015 1081 3079 tutrix
1101 3015 1245 3105 legitima

224 3142 320 3224 facta,
344 3143 468 3231 deinde*
490 3169 510 3209 a
540 3154 631 3233 patre
658 3157 849 3233 agnoscente
875 3148 974 3235 possit
998 3148 1149 3225 amoveri,
1178 3170 1244 3215 non

95 3369 106 3383 x
154 3363 157 3366 ι
224 3283 272 3340 est
293 3275 414 3341 incerta
436 3277 580 3346 solutio..
605 3278 707 3343 Matri
728 3280 813 3345 enim
836 3278 930 3369 (Art.
953 3281 1018 3345 408
1042 3279 1083 3345 O.
1099 3279 1243 3369 C.)tum

225 3407 353 3473 demum
378 3408 519 3476 defertur
539 3410 651 3492 tutela,
676 3434 777 3497 quum
795 3424 886 3501 pater
908 3412 1030 3490 deficit3
1061 3413 1121 3477 isto
1144 3413 1244 3500 igitur

223 3562 257 3604 se
287 3541 451 3627 agnitione
483 3551 607 3627 patrem
636 3543 788 3630 professo,
826 3545 886 3611 hoc
904 3516 1000 3609 'facto
1025 3545 1093 3631 ipso
1108 3545 1184 3629 jure
1208 3548 1241 3610 in

221 3694 295 3737 eum
316 3673 506 3739 transfertur
527 3676 638 3742 tutela.
688 3676 785 3760 Quod
806 3679 833 3743 si
853 3688 954 3745 mater
987 3679 1033 3743 ita
1056 3700 1147 3743 suam
1180 3680 1241 3744 mi·

222 3804 281 3869 nui
300 3807 432 3873 senserit
458 3807 690 3889 auctoritatem,
718 3809 783 3875 sibi'
798 3811 861 3877 hoc
883 3811 1042 3899 imputare
1059 3822 1162 3898 potest
1185 3812 1239 3877 de-
