2784 5092
726 530 768 594 42

232 772 295 816 noe
316 749 507 836 restringere
528 747 656 814 videtur
682 746 909 832 quaestionem.
956 746 1008 812 Ex
1034 747 1173 812 articulo
1200 747 1260 812 ille

237 883 334 961 enim,
359 882 474 948 collato
490 879 566 946 Art.
581 881 647 945 400
659 889 690 945 et
701 877 856 966 imprimis
867 878 945 944 Art.
960 879 1026 945 385
1038 878 1081 943 al.
1096 878 1260 978 beffieere

239 1014 310 1100 quis
331 1024 447 1101 posset,
477 1035 543 1078 non
566 1014 633 1078 sine
655 1013 764 1096 aliqua
783 1011 852 1076 veri
875 1012 990 1097 speeie,
1014 1012 1178 1099 legitimae
1199 1035 1261 1098 pa-

237 1147 336 1212 rentis
370 1145 523 1212 naturalis
556 1143 675 1209 tutelae
697 1153 768 1208 tum
790 1142 918 1206 demum
941 1142 1048 1206 locum
1070 1165 1150 1220 esse,
1182 1165 1259 1207 eum

236 1289 372 1364 uterque
405 1299 518 1366 parens
551 1277 655 1342 filium
683 1275 823 1340 filiamve
856 1275 1035 1361 agnoverit,
1071 1273 1189 1339 deinde
1211 1274 1262 1338 al-

236 1422 357 1478 teruter
390 1411 431 1478 sit
464 1411 619 1490 mortuus,
655 1420 693 1474 ut
722 1410 756 1474 in
786 1408 922 1473 alterum
944 1410 1135 1494 anper-etitem
1156 1408 1261 1474 tutela

237 1544 374 1612 conferri
400 1545 521 1632 possit:
547 1553 706 1621 ceterum,
739 1542 816 1606 dnm
839 1550 973 1626 uterque
995 1541 1096 1619 vivat,
1122 1565 1189 1606 non
1211 1541 1262 1606 le-

237 1675 393 1762 gitimam,
420 1675 474 1741 sed
496 1675 635 1740 dativam
657 1674 791 1738 tutelam
813 1673 967 1738 obtinere.
1014 1673 1058 1738 Et
1080 1674 1126 1737 ita
1143 1695 1260 1738 revera

221 1808 430 1900 ,existimasse
452 1807 771 1874 videnturnonnnlli
795 1806 921 1874 Codicis
940 1808 1040 1872 nestri
1053 1809 1257 1894 interpretes.

238 1937 334 2006 certe
356 1957 461 2006 Assna
483 1940 517 2004 in
534 1940 703 2004 notissimo
725 1962 842 2026 opere:
867 1940 935 2005 Het
956 1939 1084 2005 Nederl.
1103 1940 1257 2027 Burgerl.

246 2073 341 2139 Wetb.
377 2073 542 2161 veryaleben
576 2074 705 2138 mathat
737 2073 833 2137 Wetb.
859 2072 1036 2159 Ναροῑεοη,
1063 2077 1078 2158 5
1101 2074 1180 2150 254,
1205 2072 1261 2138 hie

236 2206 342 2272 verbis
364 2207 489 2271 utitur=
517 2205 665 2285 „Indiae
687 2207 724 2270 de
745 2207 837 2270 vader
859 2228 897 2270 ea
917 2207 954 2271 cb
975 2206 1096 2269 wweder
1106 2203 1163 2269 het
1176 2204 1261 2269 kind

236 2338 361 2404 hebben
401 2337 531 2416 erkend,
575 2337 639 2401 dan
672 2337 775 2401 werdt
808 2336 848 2402 da
877 2336 1091 2422 bnqatbveade
1123 2336 1257 2416 huam
1301 2357 1309 2367 ·

182 2438 186 2449 ¹
237 2468 369 2536 deazelfe
409 2468 515 2556 voogd
560 2469 599 2534 of
635 2468 807 2555 voogdes”.
864 2467 1016 2535 Similiter
1044 2468 1173 2534 locutus
1207 2477 1261 2533 eet

237 2617 282 2664 w.
308 2619 347 2666 n.
372 2619 445 2667 vnn
468 2619 541 2666 nnn
561 2617 694 2694 veona,
720 2599 786 2665 Het
805 2599 933 2666 Noderl.
957 2600 1106 2686 Buryerl:
1138 2601 1256 2681 Wetb„

245 2732 364 2800 Utrecltt
388 2733 485 2812 1838,
511 2732 559 2811 Π,
584 2756 618 2819 p.
645 2733 788 2797 64-66.
834 2731 924 2797 Fieri
944 2742 1052 2797 tamen
1070 2743 1176 2820 potest
1195 2734 1260 2801 hos

237 2875 381 2932 auctores
403 2867 448 2931 ita
471 2865 629 2952 scripsisse
640 2865 741 2950 magis
758 2865 909 2928 sermonis
925 2864 1132 2952 negligentia,
1158 2890 1260 2951 quam

237 2997 382 3063 consulte
394 2997 511 3062 anime.
538 2996 633 3064 Certe
644 2994 834 3062 contrariam
843 2997 1029 3062 sententiam
1041 2998 1136 3062 unice
1146 3021 1263 3062 veram

237 3155 304 3198 mse
337 3120 575 3208 existimamus,¹
591 3150 687 3214 quam
708 3127 823 3192 merito
843 3138 972 3194 secutus
1001 3138 1049 3194 eat
1069 3148 1260 3210 mmmm,

237 3263 286 3341 Π,
312 3282 361 3329 no.
389 3264 466 3342 516,
491 3287 524 3350 p.
552 3261 616 3328 258
636 3269 668 3325 et
689 3275 739 3323 no.
766 3259 843 3338 703,
862 3225 895 3346 p.
912 3261 998 3326 371:
1023 3241 1261 3348 patriscil.vel

205 3396 208 3402 ’
237 3395 342 3476 matri,
369 3419 451 3484 quae
474 3393 540 3462 sela
562 3393 665 3458 filium
686 3391 826 3458 filiamve
847 3392 1026 3460 naturalem
1047 3394 1180 3482 agnovit
1195 3396 1259 3460 tn'-

236 3525 396 3594 buendam
428 3547 495 3592 esse
528 3521 707 3590 tutelam-¹
757 3519 874 3586 Verbis
907 3520 992 3586 enim
1018 3521 1047 3586 ei
1068 3520 1181 3586 saltem
1204 3522 1260 3584 in·

272 3721 340 3778 ’ΘΙ
370 3723 446 3795 ij.
478 3737 605 3778 nanim.
649 3724 727 3784 1820,
761 3724 814 3770 art.
844 3723 905 3772 ⁶40.
938 3716 1029 3784 maan,
1058 3717 1087 3772 in
1111 3717 1257 3790 Remsgel.

234 3813 318 3885 Bijbl.
344 3815 400 3883 111,
425 3834 452 3886 p.
477 3821 538 3868 418.
