2784 5092
615 542 655 634 or

109 766 230 852 jungit
250 764 463 830 obedientiam
483 760 705 849 praestandam
728 760 822 849 (Art.
848 763 911 827 162
934 761 974 829 O.
997 758 1069 852 O.).
1096 758 1147 827 Ita
1248 817 1251 820 .

116 911 304 985 permutata
320 900 430 965 matris
457 920 592 985 persona
615 898 729 962 morali
759 907 857 982 atque
874 897 1024 983 juridica,
1045 900 1146 984 judici

118 1033 369 1112 decernendum,
392 1043 502 1097 utrum
519 1032 604 1095 illaa
620 1032 735 1096 marito
753 1053 870 1118 magna
890 1053 948 1117 pro
958 1042 1048 1117 parte
1058 1054 1148 1097 exer-

113 1169 223 1234 cende
254 1169 354 1233 tutela
383 1167 505 1255 pupillo
532 1167 643 1253 prosit3
678 1189 720 1230 an
745 1167 821 1231 novi
845 1167 944 1268 patris
972 1166 1050 1231 tales
1082 1159 1146 1231 sint

114 1326 225 1369 mores
255 1326 293 1368 ac
322 1303 459 1380 animus,
490 1311 529 1365 nt
553 1302 679 1365 muneri
709 1301 801 1387 gravi
826 1310 920 1386 aptus
952 1300 1014 1365 dici
1035 1313 1142 1385 queat.

119 1438 285 1506 Censente
301 1437 410 1521 judice
437 1436 519 1500 nihil
549 1436 683 1499 tutelam
712 1458 731 1497 a
755 1434 868 1498 marito
890 1434 1061 1521 gerendam
1086 1434 1146 1500 im·

119 1570 245 1658 pedire,
269 1568 384 1655 pupilli
414 1578 505 1654 pater
534 1568 602 1653 ipso
627 1561 703 1651 jure'
730 1567 767 1631 fit
798 1576 924 1642 cotutor
939 1577 971 1631 et
993 1590 1149 1632 unacum

120 1724 226 1766 uxore
254 1700 289 1765 in
319 1700 455 1765 solidum
485 1711 569 1764 stare
593 1711 721 1765 tenetur
740 1722 799 1787 pro
814 1702 961 1765 omnibus
976 1701 1055 1766 actis
1078 1712 1150 1788 post

16 1917 22 1927 .
119 1837 242 1900 initum
271 1834 509 1898 matrimonium
537 1831 631 1919 (Art.
660 1834 725 1899 406
749 1832 789 1899 C.
815 1830 886 1923 O.).
924 1832 1014 1899 Haec
1039 1836 1079 1901 de
1098 1846 1151 1899 tu-
1209 1882 1210 1885 ,

122 1967 196 2032 tela
225 1966 386 2053 legitimae
417 1967 529 2031 matris
549 1976 684 2044 statuta3
710 1988 775 2031 non
803 1989 878 2033 vero
905 1969 1147 2067 proculdubio,

123 2124 171 2165 aar
190 2100 299 2165 eadem
319 2101 446 2165 valeant
467 2100 506 2165 de
531 2101 631 2165 tutela
653 2101 808 2191 naturalis
832 2103 953 2166 matris.
1001 2102 1076 2190 Ipsa
1102 2104 1149 2170 le-

121 2232 178 2319 gis
191 2233 289 2297 verba
298 2234 507 2320 explorantes,
536 2236 629 2300 istam
650 2234 783 2299 tutelam
804 2236 934 2299 minime
950 2246 1024 2301 ante
1040 2238 1154 2311 oculos·

124 2365 278 2430 habuisse
307 2366 520 2453 legislatorem
559 2370 791 2455 cognoscimus.
850 2368 961 2435 Sermo
997 2354 1082 2435 enim
1116 2372 1151 2437 in
1221 2452 1223 2456 ,

123 2499 217 2563 hisce
249 2500 339 2564 Artt.
372 2512 420 2566 est
444 2501 483 2567 d'e
503 2506 637 2589 sequenti
658 2504 854 2567 matrimonio
876 2502 1061 2591 (,‚volgend
1087 2505 1150 2569 hu-

37 2644 41 2649 ‘
127 2632 275 2721 welijli’)
282 2657 292 2710 3
326 2654 400 2698 cum
430 2633 500 2744 hle,
513 2634 701 2721 plerumque
722 2635 848 2700 nullum
868 2636 1017 2722 praeierit
1024 2660 1033 2713 3
1060 2639 1152 2703 etde

17 2829 18 2863 3
129 2769 268 2852 coquetis
290 2768 493 2856 affinibusque
522 2770 653 2855 pupilli,
688 2790 767 2853 quos
792 2768 897 2834 nullos
915 2767 1034 2834 habent
1058 2770 1151 2835 liberi

17 2893 18 2896 ¹
132 2900 311 2964 naturales.
372 2917 375 2922 ’

179 3031 292 3096 Potius
324 3054 399 3097 vero
439 3033 560 3098 hancce
594 3054 702 3099 veram
732 3036 922 3123 legislatoris
954 3040 1154 3105 omissionem

130 3162 309 3251 adimplere
339 3189 502 3245 conemur,
541 3178 697 3252 qnantum
728 3170 844 3234 exoriri
877 3170 1028 3236 damnum
1058 3174 1157 3259 possit

17 3329 18 3382 ,
132 3298 382 3377 considerantes,
415 3300 478 3364 nisi
503 3301 703 3366 voluntatem
728 3302 917 3389 legislatoris
937 3306 1031 3369 tacite
1046 3306 1156 3370 subin·

17 3927 19 4066 l

131 3430 328 3517 telligamus.
381 3432 485 3519 Supra
519 3435 735 3501 necessitatem
766 3447 797 3500 et
816 3448 1011 3526 momentum
1038 3438 1156 3523 judicis

137 3565 202 3629 hac
234 3566 268 3629 in
301 3590 337 3631 re
365 3557 534 3631 'decisionis
559 3562 761 3654 exposuimus
773 3594 782 3649 3
809 3572 893 3637 salus
914 3573 1042 3638 moralis
1062 3584 1157 3660 atque

142 3704 331 3790 pecuniaria
350 3705 476 3792 pupilli,
500 3706 568 3770 sine
587 3705 654 3784 illa,
682 3706 812 3781 arbitrio
833 3708 929 3795 hujus
953 3710 1081 3775 illiusve
1107 3710 1157 3773 in·

138 3838 221 3901 certi
249 3838 347 3903 animi
377 3848 409 3903 et
439 3840 627 3906 conditionis
656 3842 719 3907 viri
747 3853 827 3909 esset
858 3845 1005 3923 obnoxia3
1032 3846 1157 3911 nullum
