2784 5092
750 614 792 678 30

307 837 406 905 Hisce
427 837 576 925 expositis
598 847 630 903 et
651 836 692 902 de
713 848 809 902 matre
831 836 1000 923 exploratis
1017 860 1096 903 num
1113 837 1281 905 vinculum

263 971 392 1055 aliquod
413 970 542 1035 exsistat
563 968 657 1034 civile
682 968 771 1033 illam
792 970 876 1033 inter
900 968 1077 1055 liberosque
1105 974 1281 1053 naturales,

263 1129 328 1171 non
359 1106 420 1169 rite
451 1104 560 1168 habita
582 1102 755 1189 agnitione,
786 1102 857 1187 quis
883 1102 922 1167 de
949 1113 1040 1189 patre
1061 1106 1157 1171 etiam
1179 1108 1283 1194 magis

263 1262 360 1327 supra
385 1238 551 1303 enuntiata
578 1235 684 1299 valere
711 1197 818 1322 neget,
848 1258 922 1300 oum
948 1236 1018 1322 ipsa
1042 1237 1095 1302 lex
1121 1247 1182 1302 art.
1216 1240 1281 1305 342

262 1370 305 1435 al.
338 1374 356 1436 1
387 1376 415 1450 ¹,
439 1370 616 1436 absolutam
637 1369 797 1433 contineat
819 1370 974 1456 regulam,
1000 1393 1108 1436 onmes
1130 1371 1169 1437 de
1191 1382 1284 1459 patre

263 1506 401 1570 naturali
422 1504 662 1591 perquisitiones
685 1526 753 1568 esse
775 1502 911 1582 illicitas,
936 1525 978 1567 ne
999 1504 1210 1587 aliquomodo,
1245 1517 1285 1571 ut

263 1652 367 1718 antea,
399 1640 526 1704 famosis
546 1638 614 1702 istis
639 1636 768 1722 judiciis
793 1636 881 1701 loeus
908 1635 1011 1714 detur,
1036 1658 1117 1719 quae
1148 1636 1284 1703 arbitra·

262 1777 343 1841 riam
372 1771 555 1858 variamque
579 1771 861 1859 jurisprudentiam
890 1793 1012 1859 semper
1033 1794 1140 1837 seeum
1160 1772 1277 1852 ferant,

262 1930 389 1973 neeesse
420 1917 483 1983 est;
518 1929 559 1970 ne
587 1906 704 1970 iterum
730 1905 876 1969 honestas
898 1905 1025 1991 publiea
1046 1905 1209 1989 honosque
1232 1906 1281 1971 fa-

263 2040 424 2105 miliarum
445 2038 536 2103 vanis
558 2047 590 2103 et
606 2037 734 2103 incertis
756 2036 1026 2103 criminationibus
1055 2048 1277 2124 exponantur3

263 2170 396 2235 eandem
422 2172 457 2235 in
494 2170 591 2235 finem
619 2180 679 2235 art.
713 2172 754 2235 32
779 2169 823 2238 C.
850 2170 891 2236 C.
915 2172 1013 2257 patris
1035 2172 1172 2236 nominis
1194 2172 1281 2258 apud

263 2315 334 2371 aeta
358 2304 491 2391 impedit
517 2304 765 2391 inscriptionem,
789 2326 830 2367 ne
851 2302 955 2367 ullum
977 2302 1105 2387 quidem
1115 2288 1282 2369 'indicium

262 2437 393 2503 exsistat
423 2446 455 2501 et
476 2437 700 2522 praesumptio,
735 2436 851 2520 quibus
879 2434 995 2501 veritas
1017 2458 1168 2523 apparere
1189 2460 1282 2524 posse

261 2570 434 2635 videretur.
465 2569 556 2634 Luce
585 2569 685 2655 igitur
707 2568 834 2647 elarius,
860 2578 1055 2633 constantem
1078 2579 1177 2635 status
1206 2594 1282 2658 pos-

261 2706 430 2771 sessionem
457 2702 577 2768 factum
608 2702 742 2790 probare
763 2703 893 2768 minime
915 2728 1017 2791 posse,
1042 2704 1081 2769 de
1104 2727 1167 2790 quo
1189 2716 1281 2792 pater

261 2842 357 2907 etiam
379 2839 523 2905 dubitare
544 2838 611 2925 ipse
631 2848 746 2924 potest,
771 2838 827 2922 qui
847 2838 977 2925 physice
999 2848 1031 2903 et
1048 2862 1085 2903 eo
1097 2840 1199 2927 magis
1205 2864 1219 2926 J

261 2984 309 3039 est
330 2936 480 3038 insertus.
524 2972 593 3039 Ubi
618 2994 693 3059 ergo
721 2973 773 3038 vel
794 2974 872 3061 ipse,
897 2974 948 3038 vel
969 2996 1027 3060 per
1047 2975 1281 3041 mandatarium

262 3130 327 3173 non
349 3106 513 3171 manifeste
533 3106 593 3171 hae
604 3106 644 3171 de
665 3129 700 3171 re
711 3116 833 3172 eertum
855 3130 888 3171 se
911 3116 1006 3190 atque
1016 3130 1201 3193 persuasum
1213 3131 1281 3173 esse
1304 3178 1310 3187 ,

191 3288 196 3293 .
262 3238 368 3325 palam
377 3236 535 3324 professus
558 3247 616 3317 est,
641 3249 732 3324 pater
753 3262 819 3304 esse
840 3262 906 3304 non
928 3251 1069 3327 apparet3
1097 3264 1189 3321 „non
1212 3265 1279 3309 esse

262 3383 295 3437 et
316 3395 381 3436 non
403 3394 553 3458 apparere
574 3372 609 3436 in
631 3372 705 3457 jure
727 3381 801 3437 sunt
822 3372 1024 3458 synonima.''
1037 3346 1216 3439 'Praeterea
1226 3376 1277 3439 in-

263 3526 413 3569 numerae
442 3506 639 3570 exorirentur
665 3504 879 3585 difficultates,
915 3529 989 3571 eum
1011 3506 1071 3571 hae
1093 3506 1132 3572 de
1154 3530 1190 3573 re
1212 3508 1294 3574 alia'

261 3636 500 3703 confirmaretur
535 3636 815 3725 Jnrisprudentia3
857 3638 1004 3705 omnibus
1035 3662 1149 3729 nempe
1188 3642 1275 3709 hisee

299 3884 304 3906 ¹
339 3885 417 3953 „Het
434 3886 588 3941 onderzoek
606 3904 674 3941 naar
690 3886 738 3943 het
754 3885 921 3959 vadersehap
941 3886 963 3941 is
985 3887 1149 3943 verboden.”
