2784 5092
646 1138 717 1221 55.

205 1481 257 1529 Du
279 1443 469 1547 uulnerum
493 1483 701 1532 LIBEROBUM
726 1486 962 1535 NATURALIUM
986 1489 1010 1535 A
1033 1488 1155 1535 MATRE

375 1652 600 1716 AGMTORUM,
625 1654 808 1702 REOUSATA
830 1654 985 1703 TUTELA.

223 1977 433 2063 Praeceptum
454 1978 534 2066 legis
551 1987 677 2045 nostrae
699 1977 792 2065 (Art.
809 1982 827 2043 7
831 1980 850 2044 8
863 1978 981 2069 Qu),
996 1979 1133 2043 minores
1144 2002 1191 2043 se-

171 2107 234 2195 qui
245 2106 439 2175 domicilium
461 2116 630 2193 parentum
651 2130 781 2173 suorum
803 2108 847 2173 uel
868 2118 1022 2186 tutorum,
1037 2107 1193 2193 quomodo

172 2239 221 2305 sit
242 2240 477 2326 applicandum,
502 2240 559 2310 ubi
581 2240 686 2318 ambo,
712 2250 857 2328 parentes
872 2249 904 2306 et
926 2250 1046 2306 tutores
1065 2240 1191 2325 adsunt,

175 2373 275 2438 obvia
296 2373 333 2437 fit
355 2375 508 2458 quaestio,

225 2505 335 2589 Quum
368 2530 463 2593 supra
496 2506 726 2577 demonstrare
745 2507 850 2574 conati
873 2506 983 2585 simus,
1008 2530 1104 2593 penes
1128 2530 1195 2572 ma·
1280 2544 1290 2557 =

175 2649 262 2703 trem
284 2663 351 2704 esse
372 2639 488 2704 liberos
512 2662 585 2709 suos
606 2640 767 2707 naturales
789 2662 900 2705 curare
924 2649 1019 2724 atque
1047 2640 1193 2719 educare,

176 2772 264 2837 nihil
285 2765 418 2859 uequius
440 2796 535 2857 quam
551 2774 638 2861 sacto
662 2774 758 2839 etiam
780 2796 833 2837 eos
855 2772 948 2837 matri
972 2755 1060 2856 sequi
1093 2772 1195 2837 domi-

177 2909 302 2975 cilium.
350 2908 408 2974 An
442 2909 503 2974 huc
529 2910 701 2996 juridicum
733 2910 828 2973 etiam
861 2928 970 2983 eorum
1003 2904 1197 2971 domicilium
1249 2878 1252 2886 Ι

177 3042 245 3107 dici
265 3043 391 3127 potest?
425 3040 460 3109 Si
483 3041 560 3126 quid
582 3041 721 3106 Bumuni
743 3064 810 3105 esse
832 3038 1026 3104 domicilium
1041 3040 1198 3128 intellige-

177 3174 261 3239 bant
281 3185 485 3260 reputemus:
512 3174 595 3252 „ubi
610 3173 681 3257 quis
695 3174 806 3253 larem,
824 3195 993 3259 rerumque
1010 3196 1046 3237 ac
1057 3165 1199 3236 fortunu-

154 3299 256 3367 'rum
297 3326 426 3367 suarum
467 3326 622 3368 summam
655 3302 830 3381 constituit,
870 3303 956 3367 unde
989 3324 1098 3370 rursus
1131 3325 1196 3366 non

180 3434 225 3536 sil
258 3434 462 3514 discussurus,
494 3437 520 3501 si
552 3436 633 3501 nihil
665 3445 797 3501 avocet:
833 3434 918 3499 unde
945 3457 1018 3498 cum
1040 3433 1199 3520 profectus

183 3577 245 3646 est,
271 3570 466 3657 peregrinari
488 3569 633 3646 videtum
659 3568 745 3653 quod
765 3569 792 3632 si
811 3567 905 3632 rediit
923 3566 1119 3655 peregrinari
1132 3566 1199 3652 jam

182 3698 326 3766 destitit’'
339 3706 366 3778 ¹3
393 3703 419 3766 si
442 3702 685 3790 inlegenostra,
714 3724 810 3785 quum
833 3710 957 3766 secutus
979 3700 1019 3764 sit
1041 3701 1202 3787 legislator

224 3884 233 3919 ¹
255 3881 298 3935 Cs.
319 3883 352 3935 L.
375 3890 387 3933 7
409 3883 477 3938 Cod.
496 3884 530 3937 de
548 3883 651 3939 incolis.
670 3897 862 3947 uuuououuu,
881 3879 905 3945 Ι,
927 3888 970 3931 n⁰.
991 3884 1053 3945 844,
1072 3896 1100 3948 p.
1121 3870 1198 3931 436q
