2784 5092
754 564 773 626 6

254 809 349 873 super
377 785 495 852 familia
525 783 677 872 gaudent,
702 805 783 868 quae
810 804 868 868 pro
895 804 1006 847 eorum
1025 783 1139 870 vigilet
1161 784 1272 863 rebus,

256 931 410 1005 quantum
430 919 531 1006 magis
552 917 689 982 studiose
710 917 773 982 illis
793 916 1048 1003 prospiciendum
1069 919 1136 1004 qui,
1158 942 1276 1006 paren-

256 1063 325 1118 tum
355 1051 546 1118 contumelia
576 1050 745 1127 maculati,
778 1050 908 1136 publica
937 1051 1115 1129 societatis,
1145 1052 1181 1116 in
1212 1075 1277 1136 qua

256 1182 382 1259 vivunt,
416 1181 512 1267 spreti
542 1179 787 1256 aestumatione‚
820 1177 886 1242 sela
905 1178 1053 1245 nituntur
1073 1179 1160 1266 lege,
1194 1203 1278 1268 quae

257 1313 398 1398 ipsorum
421 1312 519 1378 solide
541 1312 646 1376 firmet
663 1311 758 1395 jura?

302 1442 448 1509 Obscura
474 1453 506 1508 et
527 1443 635 1520 dubia,
662 1442 695 1506 in
721 1442 781 1506 hac
809 1440 889 1508 cod.
929 1427 1029 1506 nostri
1060 1452 1150 1528 parte
1182 1442 1280 1507 obvia

258 1591 295 1644 ut
317 1579 429 1644 melius
461 1577 699 1664 perspiciamus,
734 1576 917 1640 liberorum,
939 1576 1133 1641 naturalium
1172 1576 1278 1641 mino·

258 1735 326 1780 rem
368 1721 503 1776 aetatem
540 1708 650 1774 ordine
692 1729 929 1794 persequemur,
972 1707 1073 1772 tribus
1105 1709 1274 1795 propositis

259 1846 327 1932 ejus
337 1845 447 1910 aetatis
470 1843 560 1928 quasi
573 1839 871 1916 modificationibus,
894 1840 1001 1925 prouti
1019 1851 1280 1926 nempeaaeutro

260 1988 401 2062 parente,
428 1976 494 2040 sive
526 1975 566 2038 ab
595 1972 751 2048 alterutro,
776 1971 843 2035 sive
865 1971 906 2034 ab
928 1982 1053 2057 utroque
1075 1972 1139 2036 sint
1161 1972 1275 2058 agniti.

168 2183 172 2190 Δ
261 2109 346 2176 Cum
379 2109 463 2174 enim
496 2131 516 2170 a
542 2114 845 2191 neutreparentum
868 2104 970 2190 agniti
991 2102 1083 2168 liberi
1105 2102 1279 2181 naturales,

261 2262 389 2328 prorsus
423 2199 580 2304 vderelicti
611 2236 786 2300 maximum
828 2245 860 2299 et
891 2235 1024 2299 unicum
1071 2236 1105 2298 in
1155 2236 1283 2322 legibus

263 2395 413 2457 quaerere
435 2372 551 2436 debent
573 2370 776 2456 praesidium,
811 2367 896 2454 quod
917 2370 1033 2454 agnitis
1056 2379 1171 2433 natura
1192 2370 1273 2455 ipsa,

261 2500 416 2586 sanguine
458 2499 641 2586 parentibus
683 2497 810 2575 vinetis,
851 2507 1007 2582 praestare
1045 2496 1136 2586 solet3
1188 2473 1295 2584 agni:

264 2635 350 2698 tione
372 2643 551 2720 parentum,
587 2655 650 2716 qua
682 2631 750 2696 scil.
785 2629 924 2693 naturali
957 2653 1055 2714 eaque
1088 2629 1285 2694 sanctissima

266 2767 458 2854 obligatione
490 2768 554 2830 suis
587 2788 744 2830 connexos
777 2787 843 2828 esse
878 2763 985 2827 liberis
1014 2786 1047 2828 se
1069 2763 1281 2848 profitentur,

266 2910 360 2985 atque
392 2901 437 2964 ita
469 2899 597 2964 demum
629 2897 765 2961 civiliter
796 2918 854 2982 pro
877 2895 939 2959 illis
971 2895 1079 2958 vivere
1111 2894 1281 2980 incipiunt,

267 3033 453 3120 legislatoris
476 3054 604 3108 munus,
630 3052 749 3115 magna
769 3039 859 3114 parte
892 3051 911 3092 a
944 3027 1128 3113 parentibus
1157 3050 1285 3114 suseep-

267 3180 347 3245 tum,
373 3165 465 3230 valde
488 3175 640 3256 mutatur,
666 3173 697 3226 et
720 3162 815 3248 longe
834 3161 992 3226 dissimilis
1016 3184 1079 3224 non
1103 3161 1286 3248 agniturum

268 3298 440 3364 liberorum
462 3295 656 3360 naturalium
678 3294 775 3356 statui
785 3294 886 3357 oritur
902 3293 1051 3359 conditio.
1077 3293 1187 3360 Facile
1209 3313 1285 3355 vero

268 3434 360 3498 nobis
382 3431 545 3519 apparebit
577 3427 713 3493 mediam
744 3427 955 3513 legislatorem
977 3428 1012 3489 in
1035 3426 1210 3490 tribuendis
1227 3426 1283 3510 ju·

269 3564 357 3628 ribus
378 3561 485 3626 liberis
508 3556 718 3633 naturalibuS,
744 3557 802 3621 etsi
824 3557 952 3643 agnitis,
979 3577 1161 3641 percurrere
1183 3553 1279 3618 viam.

204 3739 206 3746 ·
270 3693 294 3760 J
297 3703 437 3758 ustarum
470 3691 653 3777 nuptiarum
694 3690 779 3760 enim
812 3689 952 3754 favorem
979 3688 1107 3752 omnino
1135 3687 1168 3749 in
1201 3685 1281 3754 Ood.

271 3838 376 3893 nostre
399 3825 503 3890 ubivis
526 3823 666 3910 profiteri
688 3822 809 3900 volens,
830 3822 1004 3909 privilegiis
1027 3843 1079 3885 eas
1099 3819 1282 3896 muniendo,
