2784 5092
716 581 758 643 90

218 800 293 885 jure
328 799 358 864 ei
394 808 441 863 est
473 808 636 876 extranea,
671 822 746 865 oum
768 799 900 885 insuper
921 800 1012 865 bonis
1041 801 1182 869 moribus
1203 804 1247 867 sit

223 927 429 1007 eontrarium,
461 926 704 1004 communionis,
748 948 829 1009 quae
857 926 1039 992 viventibus
1060 930 1247 1014 perentibus

223 1062 295 1149 lege
320 1084 358 1127 eo
378 1059 508 1148 publice
532 1061 682 1147 opinione
716 1060 809 1124 valde
846 1070 928 1125 esset
946 1061 1090 1147 neglecta
1111 1072 1143 1126 et
1169 1084 1247 1127 con-

223 1204 359 1281 tempto,
406 1193 574 1258 minimum
615 1194 711 1257 etiam
761 1202 833 1277 post
883 1192 1068 1257 alterutrius
1110 1203 1248 1258 mortem

220 1338 338 1395 restare
358 1328 516 1394 effectum.
564 1328 671 1411 Quem
693 1327 789 1393 etiam
813 1326 1002 1412 legislatoris
1025 1350 1092 1392 esse
1115 1338 1242 1391 senten·

220 1464 310 1542 tiam,
329 1463 483 1549 probatur
497 1486 537 1527 ex
558 1461 675 1527 habitis
703 1460 984 1525 deliberationibus
1007 1460 1046 1525 de
1068 1459 1146 1525 Art.
1176 1462 1242 1526 406

221 1596 262 1666 Ο.
284 1596 324 1665 O.
347 1598 432 1664 circe
451 1596 636 1663 facultatem
664 1594 848 1682 perentibus
879 1594 1077 1660 naturalibus
1097 1595 1242 1660 tribuen-

220 1731 306 1810 dum,
330 1740 517 1796 testamento
538 1729 646 1795 liberis
663 1738 783 1793 tutores
812 1725 908 1791 dandi
931 1732 958 1791 ¹.
984 1726 1036 1792 Ne
1058 1728 1157 1814 igitur
1178 1729 1244 1814 ,eti-

221 1886 274 1929 am
296 1862 361 1941 hle,
386 1822 468 1947 quae
485 1863 646 1948 justarum
667 1872 793 1927 tantum
812 1861 998 1946 nuptiarum
1013 1861 1114 1927 civilis
1129 1860 1241 1928 heberi

220 2008 324 2085 potest
370 1995 508 2082 sequela,
558 1995 654 2061 nimis
691 1994 806 2061 leviter
836 1993 1027 2059 extendatur
1063 1993 1237 2080 dispositio.

219 2128 309 2195 Huic
352 2130 527 2196 sententiae
556 2150 593 2194 eo
633 2130 736 2217 magis
767 2128 1003 2194 adhaerendum
1033 2127 1235 2205 arbitremur,

218 2288 305 2344 oum,
330 2223 478 2351 utsupra
496 2263 683 2352 indagatum
700 2268 729 2340 ²,
746 2261 931 2347 perentibus
952 2260 1151 2326 naturalibus
1170 2282 1238 2325 om·

218 2399 296 2463 nino
328 2406 516 2463 testamento
538 2395 648 2461 liberis
668 2394 796 2459 dioendi
825 2402 964 2458 tutorem
978 2392 1035 2479 jus
1071 2393 1235 2480 denegan-

218 2531 295 2596 dum
327 2516 484 2593 rideatur.
531 2526 622 2592 Num
644 2527 729 2592 enim
753 2527 957 2606 tenolienses,
984 2526 1029 2591 ite
1045 2526 1160 2605 dietus,
1185 2550 1237 2593 re·
1269 2584 1277 2599 .

218 2643 296 2732 vera
330 2665 412 2730 elius
441 2673 489 2729 est
516 2662 578 2728 nisi
610 2673 709 2741 tutor,
743 2664 862 2750 quippe
893 2662 948 2746 qui
978 2662 1013 2726 in
1045 2661 1191 2728 omnibus
1216 2686 1236 2727 a

218 2800 320 2857 matre
341 2788 456 2854 tutrioe
476 2787 595 2853 tutelae
622 2787 791 2852 attinentia
805 2786 951 2874 gerendis
980 2794 1027 2850 est
1044 2784 1232 2861 audiendus3

217 2924 285 3010 qui,
319 2931 415 3010 prout
444 2921 525 2987 libet
543 2921 682 2986 consiliis
724 2921 790 2986 suis
821 2929 917 3005 etque
937 2918 1124 2984 auctoritate
1146 2917 1237 2983 adhi-

216 3054 302 3133 bitis,
327 3075 409 3139 quse
419 3053 480 3118 sibi
489 3052 652 3141 probanda
661 3052 824 3130 videntur,
836 3052 995 3138 impretat,
1016 3074 1096 3138 quae
1106 3053 1165 3117 sibi
1175 3053 1236 3117 mi-

216 3181 426 3270 nuspleeent,
449 3190 548 3259 vetat,
572 3191 605 3246 et
627 3181 673 3245 ita
694 3191 796 3247 matre
808 3190 970 3265 tamquam
984 3180 1236 3267 suseperfioien·

215 3318 274 3384 dae
298 3317 472 3384 voluntatis
505 3317 719 3403 instrumento
742 3316 790 3381 uti
812 3317 946 3403 potest?
973 3314 1069 3381 Hane
1091 3316 1133 3381 ob
1164 3338 1233 3382 rem

215 3462 300 3517 certe
336 3462 479 3517 constare
516 3450 607 3516 nobis
640 3450 778 3528 videtur,
830 3450 928 3536 patris
969 3448 1122 3514 naturalis
1162 3459 1234 3533 post

253 3698 260 3728 ¹
280 3696 324 3752 cf.
344 3713 508 3765 moenum,
537 3697 593 3763 111,
617 3715 645 3766 p.
670 3704 714 3750 80.

250 3849 261 3881 ²
283 3858 351 3915 Vid.
376 3860 448 3914 Soet.
467 3859 508 3926 ΙΙ,
532 3868 544 3929 5
574 3867 599 3926 7,
625 3876 690 3929 pag.
712 3866 754 3921 64,
776 3878 835 3929 sqq.
