2784 5092
735 541 775 603 62

241 758 321 845 legis
360 758 486 843 jussum
526 757 718 843 sequendam
756 760 786 824 ei
818 762 1045 845 praescriberet
1074 765 1174 844 vam,
1207 768 1280 832 etsi

241 893 378 957 maxime
421 892 541 979 prob'us
582 901 679 975 atque
731 891 835 959 bonae
868 892 942 959 fidei
988 894 1112 961 adesset
1152 908 1276 977 tutor3

242 1024 311 1109 ejus
349 1045 431 1087 uxor
457 1022 544 1088 enim
572 1022 614 1087 ad
640 1022 768 1089 nullum
800 1024 936 1111 amplius
957 1037 1065 1093 actum
1084 1030 1279 1118 legitimum

241 1158 368 1236 habilis,
393 1156 501 1223 omnia
519 1157 567 1222 illi
587 1157 782 1243 expedienda
795 1158 998 1243 relinqueret,
1024 1173 1056 1226 et
1075 1162 1152 1247 jure
1176 1165 1279 1230 nulla

241 1293 286 1357 sic
300 1291 486 1357 «exsisteret
515 1290 625 1355 tutele.
673 1288 739 1355 Ast
767 1290 844 1375 quid
879 1292 997 1378 plura?
1030 1294 1122 1360 Luce
1149 1295 1277 1361 clarius

241 1423 412 1489 verborum
433 1423 486 1488 hic
507 1423 599 1510 legia,
623 1422 750 1487 nullum
771 1445 848 1488 vero
871 1444 981 1489 sensus
1004 1424 1141 1491 dubium
1164 1450 1272 1513 appa·

241 1566 301 1635 ret,
326 1579 430 1641 neque
456 1556 548 1621 aliter
577 1554 664 1642 apud
685 1554 784 1623 IOtos
806 1556 999 1643 explicatum
1021 1558 1207 1625 invenimus
1234 1566 1268 1624 ¹.

240 1672 411 1755 Praeterea
429 1688 490 1754 hoo
510 1688 621 1755 matris
649 1687 889 1753 matrimonium
924 1689 1064 1755 ineuntis
1107 1690 1270 1769 officium,

239 1848 322 1892 onus
342 1824 500 1911 quoddam
532 1824 562 1889 ei
582 1823 769 1889 incumbens
795 1834 828 1889 et
849 1823 987 1889 conditio
1008 1824 1195 1889 retinendae
1214 1834 1274 1889 tu·

239 1959 333 2037 telae,
358 1968 462 2025 totum
483 1966 580 2040 atque
602 1957 697 2021 unice
718 1958 753 2021 in
772 1957 888 2044 pupilli
912 1956 1053 2023 favorem
1081 1968 1130 2023 est
1154 1959 1275 2023 inven-

201 2088 205 2095 ’
239 2106 321 2173 tum,
345 2116 450 2178 neque
471 2090 641 2157 contendat
653 2092 725 2175 quis
743 2092 916 2159 levioribus
934 2101 1069 2159 matrem
1087 2094 1275 2160 naturalem

239 2250 336 2315 quam
359 2227 534 2315 legitimam
559 2224 795 2295 conditionibus
816 2235 848 2291 et
870 2225 1020 2291 oneribus
1041 2248 1110 2293 esse
1131 2226 1268 2312 subjici·

237 2363 364 2441 endam,
387 2370 420 2427 et
440 2359 613 2425 liberorum
635 2357 830 2424 naturalium
861 2358 986 2423 nonita
1005 2358 1271 2445 prospiciendum

237 2492 498 2571 essecommoda,
509 2491 783 2579 utlegitimorum.
809 2488 899 2555 Artt.
914 2490 1089 2557 405-407
1102 2490 1191 2559 (3.0.
1203 2492 1271 2579 igi-

236 2642 301 2708 tur,
328 2628 383 2714 qui
405 2625 501 2692 matri
520 2634 553 2690 et
576 2622 691 2689 marito
710 2621 772 2687 heo
793 2621 828 2687 in
847 2644 882 2687 re
907 2623 1129 2709 praescribunt
1151 2624 1275 2712 agendi

235 2764 402 2841 rationem,
433 2758 548 2847 pupilli
570 2756 705 2823 salutem
725 2764 912 2841 spectantes,
944 2758 1073 2824 omnino
1111 2756 1272 2844 adaptan-

235 2900 313 2964 dum
334 2892 508 2982 illegitimis
528 2887 724 2978 parentibus.

280 3032 322 3099 In
342 3029 432 3098 hisee
453 3024 640 3094 disserendis
662 3020 750 3087 haud
782 3020 1043 3107 distinguendum
1075 3021 1269 3108 putavimus

235 3170 320 3233 inter
351 3164 510 3239 mmmm,
546 3158 602 3243 qui
632 3155 728 3242 plane
760 3162 853 3219 antea
875 3152 957 3219 nihil
979 3176 1053 3219 cum
1076 3154 1181 3220 matre
1204 3154 1269 3219 ha·

236 3300 308 3365 buit
328 3315 497 3363 commune
519 3301 552 3358 et
573 3312 649 3356 eum
670 3286 727 3372 qui
748 3308 825 3353 vere
846 3285 957 3351 heberi
980 3262 1085 3371 potest
1107 3284 1141 3351 e't
1156 3308 1177 3351 a
1192 3309 1268 3351 ma-

236 3457 273 3501 re
304 3429 487 3520 agnoscitur
524 3423 622 3511 prolis
660 3432 762 3506 paor.
812 3417 998 3502 Antequam
1031 3417 1117 3483 enim
1158 3440 1265 3505 agno-

269 3653 340 3708 ¹01⁴.
360 3663 552 3715 nemorosam,
572 3644 656 3711 VIII,
677 3646 728 3709 11⁰„
749 3647 810 3696 387.
837 3654 1057 3707 resumemus,
1078 3638 1119 3705 H,
1140 3656 1170 3709 p.
1194 3646 1261 3693 141,

230 3762 367 3814 ramma,
396 3743 437 3811 Π,
467 3760 496 3813 p.
525 3744 570 3793 22.
600 3750 746 3803 uramur,
767 3735 802 3787 ad
821 3732 882 3787 Art.
904 3738 955 3787 395
975 3732 1007 3787 G.
1026 3732 1064 3786 N.
1086 3731 1131 3805 (a)
1160 3732 1210 3787 n⁰.
1234 3738 1264 3785 7.

232 3843 350 3900 Contra:
370 3853 464 3904 emur,
485 3835 548 3903 cinq
566 3832 648 3887 codes
664 3830 787 3895 annona,
808 3828 843 3881 ad
862 3826 921 3881 Art.
943 3831 994 3879 895
1013 3824 1044 3879 C.
1066 3824 1117 3892 N„
1148 3813 1196 3878 n⁰.
1215 3832 1264 3879 10.
