2784 5092
370 1407 882 1529 PRAEFATIO.
928 1461 971 1546 J

554 1761 688 1778 m

165 2005 340 2079 Quamquam
369 2007 453 2078 milri,
481 2015 539 2065 tam
566 2010 657 2082 persis
683 2010 713 2065 in
738 2010 810 2084 juris
833 2009 974 2081 disciplina
999 2007 1150 2062 excolenda

128 2095 233 2153 viribus
250 2099 365 2169 munito,
377 2118 474 2172 graves
486 2111 658 2158 occurrerent
669 2103 852 2169 difficultates,
865 2101 960 2156 buicoe
968 2099 1148 2155 dissertationi

128 2191 341 2247 conscribendae
369 2210 508 2265 aggresso,
537 2195 639 2267 quippe
661 2212 734 2266 qnae
751 2195 828 2249 brevi
843 2199 950 2248 summa
965 2193 1055 2247 varias
1071 2192 1149 2246 inda·

93 2278 95 2280 ’
127 2285 236 2354 gandae
265 2286 438 2357 amplectitur
468 2288 648 2359 quaestiones,
678 2289 761 2343 selda
784 2288 910 2360 jucunda
925 2293 1029 2353 tamen,
1048 2285 1146 2353 fatcor,

127 2375 209 2432 electi
226 2381 380 2449 argumenti
397 2380 451 2434 fuit
468 2382 607 2450 tractatio,
627 2398 699 2452 quae
717 2381 886 2437 occasionem
904 2379 971 2432 mihi
981 2378 1145 2449 praebuerit,

125 2469 238 2541 plenum
268 2472 374 2526 Codicis
392 2473 477 2528 nostri
494 2473 523 2528 in
541 2482 616 2530 certa
634 2474 749 2529 materia
766 2480 883 2544 systema
900 2471 1028 2543 explicite
1043 2472 1144 2542 perspi·
1170 2531 1179 2544 .

127 2562 226 2632 ciendi,
256 2571 338 2636 atque
364 2568 502 2636 quomodo
531 2567 559 2622 in
578 2567 689 2624 diversis
706 2569 811 2622 casibus
828 2567 864 2621 sit
880 2566 1070 2638 applicandum
1087 2581 1147 2636 per

126 2658 275 2712 scrutandi.
314 2659 343 2714 Si
361 2666 452 2714 autem
470 2677 579 2731 sperare
601 2661 667 2715 mihi
685 2659 832 2727 nonlicet,
851 2661 920 2727 fore,
939 2665 972 2740 ut
987 2658 1015 2710 in
1028 2656 1146 2728 singulas

125 2749 211 2806 hocce
219 2750 311 2805 libello
323 2751 500 2824 investigatas
512 2753 682 2824 quaestiones
693 2753 782 2807 lucem
794 2752 942 2823 quamdam
954 2767 998 2804 me
1011 2750 1144 2818 effisdissa

126 2844 177 2894 aut
203 2839 368 2894 sufficienter
394 2841 477 2896 obvia
494 2841 654 2912 persolvisse
673 2841 758 2897 dubia
775 2839 870 2896 lectori
886 2841 1023 2908 rideatur,
1042 2841 1145 2894 utinam

125 2932 195 2988 mihi
213 2933 366 3006 contingat,
376 2951 447 3005 quae
458 2935 488 2989 in
499 2935 567 3007 legis
579 2942 688 2990 nostrae
706 2943 786 3006 parte
797 2935 984 3001 desideranda,
996 2934 1146 3006 supplenda

126 3030 211 3097 atque
236 3027 442 3098 interpretanda
467 3028 534 3082 mibi
553 3035 724 3100 apparerent,
746 3027 810 3084 satis
827 3027 909 3095 clare,
928 3045 1017 3099 neque
1035 3036 1146 3095 temere,

126 3118 278 3190 aptioribus
306 3119 459 3176 dirimenda
477 3129 560 3191 atque
578 3121 748 3192 expedienda
765 3125 860 3175 saltem
880 3139 924 3176 me
942 3122 1098 3191 ostendisse,
1117 3129 1146 3176 et

125 3213 399 3285 quantulumcunque
416 3214 457 3268 ite
469 3213 527 3286 juri
548 3215 700 3270 excolendo
720 3215 836 3285 positivo
848 3215 1041 3270 contribuisset
1060 3214 1147 3270 Dulce

124 3304 195 3360 milii
222 3305 283 3374 erit,
310 3288 336 3361 ‚si
360 3307 428 3362 illud
460 3324 505 3361 me
522 3315 690 3378 spectantem
709 3307 847 3379 ingratam
864 3308 946 3379 plane
964 3325 1075 3379 operam
1091 3325 1148 3362 non

126 3415 251 3467 navasse,
272 3399 320 3470 qui
330 3401 411 3455 hasce
423 3401 574 3456 studiorum
584 3401 718 3472 primitias
728 3401 765 3455 ob
774 3401 866 3456 oculos
874 3400 997 3468 habebit,
1009 3400 1146 3454 decernat.

162 3491 207 3546 De
233 3510 335 3561 rerum,
364 3509 433 3564 quas
461 3493 489 3546 in
516 3494 602 3550 bocce
625 3494 754 3565 opusculo
773 3494 907 3564 attingere
924 3492 1062 3563 proposui,
1080 3491 1149 3562 divis
1232 3532 1236 3535 .

123 3584 201 3640 sione
216 3591 245 3640 et
262 3586 399 3640 tractandi
412 3587 498 3649 modo
515 3605 570 3640 uon
583 3593 624 3641 est
635 3587 710 3657 quod
719 3603 896 3658 praemonere
907 3603 974 3655 opus
986 3584 1146 3640 existimem.

124 3679 303 3750 singularum
331 3679 490 3736 Sectionum
517 3679 666 3744 vinculum,
682 3682 781 3734 haecce
807 3679 973 3750 percurrenti
1003 3679 1083 3733 facile
1101 3695 1147 3750 ap,

123 3774 234 3846 parebit
251 3773 364 3842 lectori3
386 3774 480 3828 varias
499 3774 670 3845 quaestiones
687 3791 737 3827 suo
754 3788 876 3843 quasque
894 3771 956 3826 loco
974 3789 1018 3826 me
1033 3787 1148 3826 comme·

121 3884 243 3938 morasse
257 3867 372 3938 confido.
394 3868 432 3922 Et
442 3867 487 3922 hic
496 3865 697 3938 praemittenda
706 3882 804 3938 pauca,
815 3881 886 3936 quae
897 3863 989 3932 habui,
1004 3862 1144 3925 absolvere
