2784 5092
592 608 632 669 71

93 828 271 915 „pendant
285 827 316 894 le
338 826 479 915 mariage
500 826 547 895 leo
570 825 643 914 pere
665 834 697 891 et
719 823 805 893 mere
830 836 902 893 sont
926 828 958 894 la
982 850 1015 913 ee
1034 851 1112 895 con-

13 929 14 969 l
92 962 230 1041 sulcant,
257 985 291 1028 se
314 970 498 1030 concertant
523 959 651 1029 touoles
661 959 758 1037 deux,
776 958 908 1027 veillant
923 982 962 1023 en
978 959 1114 1043 quelque

94 1103 183 1174 sorte
214 1093 285 1159 l'un
307 1116 363 1159 sur
391 1093 517 1171 l'autre‚
542 1094 561 1157 a
582 1092 653 1161 leun
675 1092 760 1169 insu,
786 1114 862 1158 avec
894 1112 959 1155 une
983 1090 1114 1157 instinc·

95 1224 164 1290 tive
187 1224 362 1289 emulation
377 1225 416 1289 de
431 1224 601 1291 tendresse.
640 1222 728 1295 C’eet
749 1223 781 1287 la
802 1246 866 1289 une
889 1224 1033 1310 garantia
1065 1246 1115 1290 aa·

96 1359 261 1423 surement
283 1357 348 1423 tres
365 1355 513 1435 seriouse,
539 1356 685 1442 'garantia
719 1353 832 1419 fondee
859 1356 878 1418 *a
913 1354 946 1419 la
959 1326 1032 1421 ‘fois
1060 1376 1115 1421 sur

94 1489 234 1555 l’amour
262 1488 407 1577 paternel
441 1499 473 1553 et
507 1511 562 1555 sur
598 1488 734 1554 l’amour
773 1486 934 1572 conjugal,
970 1486 1047 1551 dont
1069 1485 1115 1551 lea

95 1623 225 1689 enfauts
263 1631 335 1687 sont
369 1621 401 1688 le
432 1644 516 1708 gage
552 1632 584 1687 et
615 1621 647 1687 le
677 1621 743 1687 lien
774 1620 804 1687 le
834 1620 906 1705 plus
933 1619 1113 1705 puissant.”
1139 1596 1145 1605 .

92 1753 250 1820 Parentes
272 1775 349 1821 vero
371 1754 531 1820 naturales
553 1754 724 1840 quominus
751 1754 952 1822 matrimonio
980 1753 1126 1838 conjun·‘

93 1895 215 1972 gantur
252 1885 337 1971 quod
373 1886 516 1971 impedit,
556 1908 764 1974 quaecunque
802 1886 843 1951 sit
884 1908 1000 1962 causa,
1049 1908 1115 1949 non

94 2027 199 2103 potest
221 2040 286 2083 non
308 2017 402 2083 valde
422 2018 596 2095 liberorum
625 2018 797 2085 commodis
820 2041 886 2086 esse
906 2016 1111 2104 praejudicio.

95 2142 211 2231 Itaque
242 2146 328 2233 quod
359 2147 559 2242 matnmonii·
576 2170 636 2233 ope
657 2148 821 2233 impretari
844 2149 966 2231 nequit,
996 2148 1115 2217 tutelae

96 2280 244 2347 cautione
266 2280 378 2367 perfici
403 2291 529 2369 oportet
556 2286 584 2348 ¹.
605 2280 758 2348 ¹Utilitate
781 2280 877 2367 hujus
900 2282 1018 2348 tutelae
1042 2304 1114 2368 per-

97 2434 216 2500 magna
251 2413 395 2500 probata,
436 2413 653 2480 necessitatem
683 2414 752 2499 ejus
782 2412 874 2479 facile
893 2414 1111 2501 perspicimus,

97 2565 182 2624 cum,
207 2546 256 2609 uti
279 2568 375 2633 supra
399 2549 412 2587 ²
436 2544 651 2611 demonstrare
666 2545 772 2610 conati
790 2568 909 2624 eumue,
937 2555 1044 2633 pateat
1064 2568 1114 2610 re-

24 2694 27 2697 ’
98 2696 169 2741 rum
201 2676 333 2741 minoris
366 2668 668 2743 administrationein
693 2700 790 2765 penes
813 2687 959 2763 parentes
984 2663 1114 2741 natura·

99 2802 155 2885 les,
194 2829 259 2891 qua
290 2807 380 2886 tales,
416 2832 482 2873 non
511 2833 596 2887 esse3
622 2810 705 2874 hanc
735 2811 834 2897 igitur
854 2810 915 2874 alio
945 2809 1037 2875 modo
1068 2820 1114 2874 est

99 2939 310 3027 supplendum
342 2940 456 3025 plenae
490 2941 611 3027 patriae
635 2942 798 3027 potestatis
816 2942 986 3026 sequelam,
1011 2965 1114 3027 neque

100 3070 173 3151 alia,
198 3062 295 3158 quani
316 3073 428 3152 tutela,
454 3074 489 3137 in
513 3074 584 3160 lege
608 3084 717 3139 nostra
735 3074 776 3138 ad
795 3074 882 3138 illam
906 3085 995 3161 patet
1014 3076 1079 3139 via.

21 3222 27 3227 “
110 3176 115 3181 ¹
143 3205 195 3272 Ita
218 3206 315 3292 hujus
337 3207 455 3272 tutelae
477 3194 684 3273 fundamento
707 3207 845 3273 breviter
868 3209 1041 3296 explorato,
1059 3207 1115 3273 ob·

137 3380 146 3411 ¹
176 3382 319 3439 Dissolutis
335 3384 452 3438 divortio
470 3384 581 3455 nuptiis,
600 3387 738 3455 quomodo
756 3386 900 3440 liberorum
920 3385 1116 3457 prospiciatsa·

103 3470 151 3527 luti
166 3474 315 3546 legislator,
332 3478 377 3530 hic
399 3479 551 3549 comparari
571 3479 637 3533 utile
659 3479 776 3533 videtur.
814 3481 907 3557 Hanc¹
922 3481 957 3532 ad
991 3497 1047 3533 rem
1078 3480 1114 3533 cs.

105 3565 177 3620 Ant.
197 3574 260 3636 292,
280 3574 342 3637 261,
363 3575 425 3638 281,
446 3576 499 3625 285
518 3572 550 3627 O.
572 3572 603 3627 O.
632 3572 718 3625 Recte
740 3572 827 3625 ‘etiam
849 3572 892 3626 hio
911 3573 946 3625 ab
963 3572 1117 3626 auctoribus

101 3659 231 3714 nonnullis
248 3662 430 3730 contenditur,
450 3663 537 3717 tutela
563 3681 630 3733 opus
656 3680 721 3731 esea
748 3664 783 3717 cf.
811 3662 1066 3732 zncnnn1aa‚·III‚
1086 3682 1114 3735 p.

104 3755 159 3822 127,
179 3759 194 3824 5
213 3759 276 3808 486.
313 3770 467 3817 montanea,
487 3756 527 3824 ΙΙ,
552 3762 629 3810 1094.
649 3773 711 3827 sqq.

137 3889 145 3912 ¹
168 3894 239 3948 sect.
258 3892 298 3960 ΙΙ,
318 3900 330 3961 q
352 3899 375 3951 1.
396 3911 423 3962 p.
445 3897 488 3944 41.
594 3897 602 3904 ·
