2784 5092
603 577 645 639 89

31 885 37 895 ·
110 808 187 863 tum
203 797 375 883 inquirere,
396 796 424 861 si
442 795 510 883 ipse
526 796 587 862 hoc
606 806 679 883 post
697 805 761 863 tres
777 820 876 863 annos
886 798 1013 884 majoris
1023 798 1133 863 aetatis

109 931 268 997 omiserit.
315 930 421 995 Etiam
439 930 493 995 hic
512 940 586 996 ante
605 932 757 1016 majorem
777 941 912 997 aetatem
926 954 945 996 a
960 939 1065 996 tutore
1079 931 1133 1018 agi
1237 998 1243 1013 ,

109 1083 207 1147 posse
226 1062 357 1128 minime
374 1085 414 1127 ex
431 1061 511 1151 legis
530 1062 636 1127 verbis
656 1062 806 1147 consequi
826 1063 952 1129 videtur
968 1068 978 1106 ¹
997 1086 1006 1141 3
1032 1082 1133 1147 quum

112 1193 202 1258 diem
214 1194 304 1272 obiit,
317 1194 413 1280 lapsis
422 1193 524 1259 tribus
534 1194 639 1272 annis,
651 1194 767 1278 quibus
777 1192 910 1258 facultas
922 1203 989 1258 erat
1000 1193 1130 1280 agendi,

111 1324 207 1400 nulla
226 1325 266 1389 de
285 1335 371 1390 statu
390 1325 513 1390 actione
530 1326 666 1411 incepta,
690 1348 836 1411 expresse
855 1336 887 1390 et
907 1326 1050 1390 consulto
1070 1326 1131 1391 hoc

108 1459 290 1547 neglexisse
310 1459 507 1523 existimatur
526 1436 626 1523 status
636 1458 786 1523 incertus.
823 1458 904 1523 Inde
914 1458 1128 1537 efficiendum,

111 1590 220 1680 legem
240 1593 373 1657 liberam
392 1591 588 1655 voluntatem
609 1592 685 1678 ipsis
702 1592 841 1657 tribuere
852 1593 988 1657 voluisse
1009 1592 1128 1668 liberis,

111 1735 152 1788 ut
182 1724 310 1811 proprio
336 1734 426 1788 motu
447 1722 487 1787 de
504 1723 599 1788 rebus
619 1724 684 1787 suis
702 1723 895 1808 dijudicent3
921 1724 947 1788 si
964 1724 1059 1788 tacite
1078 1745 1132 1787 ac·

111 1856 196 1921 tioni
231 1856 507 1933 renuntiavenmt,
539 1878 643 1939 neque
680 1855 849 1933 heredibus
880 1856 963 1921 hanc
993 1856 1131 1942 arripere

110 1985 201 2064 licet,
226 1983 436 2072 (quamquam
455 1984 563 2049 liberis
583 1985 660 2070 ipsis
679 2008 855 2085 numquam
876 1984 937 2049 hoc
958 1984 1056 2071 possit
1073 1983 1129 2047 ob-

104 2114 191 2200 jici:
214 2124 276 2179 art.
301 2116 367 2180 324
389 2114 429 2182 O.
456 2115 528 2204 0.).
549 2116 592 2180 Et
611 2118 683 2200 quis
703 2116 883 2193 contendat,
905 2117 1014 2181 habita
1023 2115 1129 2179 hacin

110 2245 195 2316 cod.
219 2256 328 2313 nostro
346 2248 480 2327 ratione,
502 2249 601 2315 tutori
621 2248 669 2317 fas
689 2272 757 2315 esse
776 2249 816 2313 do
842 2247 934 2315 valdo
954 2248 1008 2316 hio
1026 2249 1129 2315 incer·

109 2378 153 2444 tis
171 2379 286 2466 pupilli
307 2380 479 2447 commodis
500 2379 691 2447 decernere?
708 2386 722 2423 ²

157 2509 261 2575 Nobis
283 2510 390 2595 itaque
419 2510 547 2576 videtur
567 2513 665 2577 tutori
685 2512 805 2577 hancce
822 2512 1039 2600 denegandam
1061 2536 1128 2579 esse

110 2640 271 2706 actionem
288 2664 309 2705 a
322 2640 431 2727 judice
453 2667 493 2707 ex
514 2642 618 2708 officio
625 2667 634 2722 ;
657 2653 714 2708 aut
735 2644 776 2710 ab
789 2644 856 2731 ipso
866 2668 920 2709 reo
931 2644 1039 2710 eodem
1050 2667 1130 2721 con-¹

110 2772 183 2839 silio
209 2772 427 2860 exceptionem
453 2798 544 2861 posse
576 2776 683 2861 objici.
732 2775 768 2844 Si
796 2776 973 2841 admittitur
993 2775 1076 2839 actio
1096 2786 1128 2841 et

104 2903 164 2990 jus
182 2903 311 2983 dicitur,
329 2904 471 2990 judicem
493 2928 611 2972 errasse
631 2917 663 2972 et
681 2908 765 2972 male
776 2891 960 2993 ‘judicatum
972 2930 1038 2973 esse
1050 2930 1126 2973 con-

110 3045 186 3115 stat,
223 3035 264 3100 ad
284 3036 368 3122 quod
380 3036 538 3121 judicium
558 3038 772 3131 revocandum
794 3048 899 3104 tamen
925 3041 1051 3105 nullum
1072 3064 1127 3105 ex-

109 3164 195 3235 sistit
209 3168 395 3235 remedium.
965 3258 968 3261 Ι

146 3312 156 3346 ⁸
185 3312 231 3367 Os.
251 3311 312 3367 Art.
333 3317 383 3366 325
403 3310 435 3366 C.
447 3311 479 3367 C.
501 3311 604 3379 „Deae
617 3314 838 3385 regtsvordering
855 3314 910 3367 lan
930 3314 998 3368 door
1022 3315 1055 3366 de
1073 3314 1127 3367 ers·

107 3421 246 3476 gmsmen
276 3421 330 3461 vnn
362 3405 410 3461 het
442 3404 519 3472 kind,
541 3405 771 3482 hetwelklzijnen
794 3414 866 3463 stsat
886 3406 942 3461 niet
959 3408 1033 3461 heett
1052 3407 1127 3477 inge-

109 3514 225 3570 wopan,
259 3497 315 3552 niet
345 3499 455 3552 worden
477 3515 683 3571 sangevangen,
701 3506 745 3553 ten
767 3518 838 3555 ware
862 3500 908 3552 het
933 3499 1120 3571 minderjarig‚

110 3591 144 3645 os
168 3591 271 3645 binnan
304 3590 361 3645 drie
393 3591 474 3663 jaren
497 3608 534 3643 na
557 3591 627 3661 zijne
645 3592 912 3665 meerderjarigheid·
926 3600 1002 3662 mogt
1021 3591 1133 3646 overlea

109 3686 166 3739 den
182 3676 268 3758 fija?

149 3783 159 3809 ¹
192 3777 237 3832 Cf.
266 3793 445 3847 mensam,
464 3778 521 3847 111,
540 3796 568 3849 p.
599 3784 660 3833 349.
699 3795 870 3847 cantaros,
896 3778 952 3844 ΙΙΙ,
981 3785 1122 3845 151‚156.

111 3886 288 3939 monarcus,
314 3874 359 3926 ed.
381 3878 432 3925 art.
457 3877 518 3926 330.
539 3871 571 3926 c.
594 3872 632 3925 N.
