2784 5092
660 519 679 586 3
728 524 730 527 ,

161 737 282 828 positis,
305 739 441 827 potiores
461 739 552 806 nobis
572 741 655 805 visas
675 741 716 806 ob
731 742 844 833 loculos
863 765 1062 828 poneremus,
1085 740 1173 821 alias,

162 898 244 961 quae
281 883 391 960 sponte
427 897 460 938 se
484 873 661 956 offerrent,
691 897 766 940 cnm
786 874 958 940 liberorum
984 874 1177 940 naturalium

161 1016 298 1072 aetatem
323 1006 477 1070 minorem
497 1028 763 1091 percurreremus,
785 1029 805 1070 a
819 1007 1045 1092 jureconsultis
1070 1016 1177 1090 tamen

162 1139 229 1204 fere
243 1138 413 1224 neglectas,
431 1160 489 1224 pro
504 1138 657 1202 tenuitate
667 1138 784 1202 virium
799 1149 832 1202 et
845 1161 944 1225 parva
954 1139 1037 1224 juris
1047 1140 1156 1204 scient‘

161 1297 220 1338 nos
241 1270 403 1337 ostendere
423 1279 454 1333 et
475 1269 597 1334 solvere
617 1280 745 1334 conatos
765 1266 842 1335 esse.

206 1405 241 1472 Si
258 1407 293 1468 in
311 1403 443 1468 citandis
462 1402 642 1474 auctoribus
660 1387 797 1466 maxime
814 1412 846 1468 et
860 1403 1076 1468 lubentissime
1090 1402 1176 1468 fran-

161 1541 244 1606 cicos
271 1539 435 1626 explorare
457 1535 680 1613 studuerimus,
706 1535 821 1600 codicis
842 1535 971 1600 francici
993 1559 1067 1599 oum
1086 1559 1177 1601 neer-

160 1643 285 1737 landico
310 1672 344 1734 in
364 1670 425 1734 hac
450 1669 612 1733 tractanda
635 1669 766 1732 materie
791 1668 989 1734 similitudini
1017 1679 1049 1731 et
1069 1680 1177 1733 aucto·

161 1824 234 1868 rum
268 1799 454 1886 explicitiori
484 1797 696 1884 perscribendi
727 1796 820 1860 modo
851 1798 1036 1884 imputetur.
1094 1795 1178 1860 Nam

160 1958 352 2027 quamquam
372 1955 547 2021 perpaucae
567 1931 601 1994 in
628 1929 746 1996 Codice
770 1929 979 1994 Noerlandico
1010 1929 1049 1994 de
1079 1929 1179 1993 tutela

161 2073 335 2138 liberorum
354 2067 547 2132 naturalium
567 2059 690 2128 additae
711 2061 774 2127 sint
784 2061 1001 2150 dispositiones
1016 2067 1043 2141 ¹,
1064 2063 1179 2147 quibus
1211 2128 1214 2133 ,

114 2211 119 2216 ’
160 2204 261 2270 codex
288 2200 445 2266 francicus
466 2196 660 2282 suppleatur,
688 2217 754 2258 non
770 2194 831 2258 hoc
847 2193 990 2279 impedit,
1011 2194 1179 2277 quominus

162 2347 196 2402 et
217 2336 354 2400 aliorum
373 2351 611 2414 nonnumquam
638 2328 699 2394 hoc
725 2327 793 2413 ipso
821 2325 981 2391 difficilior
1007 2325 1062 2390 fiat
1081 2326 1179 2391 inter-

163 2468 297 2558 protetio
308 2464 524 2540 articulorum,
546 2472 579 2526 et
596 2483 632 2525 eo
657 2460 773 2525 clarius
793 2460 827 2524 in
848 2459 959 2524 ceteris
975 2459 1099 2524 casibus
1121 2480 1178 2523 no-

162 2604 211 2668 bis
237 2610 375 2678 constet,
406 2596 483 2682 quid
512 2597 546 2660 in
578 2594 649 2681 lege
669 2593 710 2658 sit
730 2591 981 2658 desiderandum.

200 2781 208 2814 ¹
233 2781 317 2837 Ant.-
328 2781 380 2830 408
398 2782 427 2830 et
444 2778 506 2828 420.
