2784 5092
751 582 794 644 70

184 858 187 867 .
265 801 358 880 verit,
393 801 532 865 rationes
571 799 653 863 nihil
699 800 806 864 minus
843 798 895 865 hio
923 801 1040 879 valere,
1075 801 1283 868 contendere.

211 982 214 986 -
266 936 335 1003 Ubi
356 937 487 1023 nuptiae
506 958 572 1000 non
600 934 727 1014 adsunt,
750 934 837 999 deest
866 935 1081 1024 etiamplena
1100 937 1206 1023 patria
1226 959 1288 1023 po·

267 1076 383 1145 testas3
411 1067 468 1132 ubi
492 1067 549 1131 illa
572 1067 786 1157 restringitur,
814 1090 880 1133 uon
900 1069 968 1135 sine
989 1069 1070 1157 legis
1100 1078 1288 1156 praecepto-

267 1222 340 1265 rum
366 1200 487 1264 auxilio
521 1200 668 1286 explicite
688 1198 863 1265 minoribus
885 1202 1027 1266 succurri
1044 1210 1162 1287 potest.
1212 1200 1290 1265 Me·

264 1331 333 1414 lius
368 1332 470 1419 igitur
495 1354 590 1416 quam
621 1330 784 1418 legislator
816 1342 922 1397 noster
954 1330 1048 1420 (Art.
1086 1332 1149 1399 385
1183 1332 1226 1397 al.
1271 1334 1291 1399 3

272 1465 312 1532 C.
332 1463 406 1553 0.),
448 1486 602 1549 quosnam
631 1464 733 1528 tutela
766 1465 885 1529 muniri
902 1464 1022 1544 deceat,
1056 1462 1142 1530 hisee
1183 1466 1292 1531 verbis

271 1597 409 1684 explicat
437 1614 656 1678 zncfflnmn:
686 1600 696 1637 ¹
738 1595 827 1674 „alle
861 1596 925 1675 die,
954 1597 1075 1662 welche
1094 1597 1179 1662 noch
1199 1598 1292 1663 nieht

272 1728 330 1793 dns
361 1729 419 1793 21θ
438 1726 523 1793 Jahn
549 1726 633 1792 ihres
665 1727 777 1793 Alters
797 1729 933 1794 erreicht
954 1729 1070 1809 haben,
1095 1731 1206 1796 stehen
1229 1754 1293 1797 un·

272 1870 322 1925 ter
349 1860 436 1924 einer
465 1858 749 1946 Vormundsehaft‚
781 1883 1043 1949 ausgenommen,
1071 1886 1166 1928 wenn
1196 1874 1294 1929 unter

273 1992 367 2057 ihren
397 1992 509 2056 Eltern
538 1991 608 2057 eine
645 1992 715 2057 Ehe
754 1991 823 2056 und
867 2015 905 2058 so
927 1994 1031 2081 lange
1057 1995 1141 2060 diese
1167 1994 1294 2060 besteht

276 2122 378 2210 <oens
413 2104 501 2187 um
528 2123 655 2187 vertas
684 2122 736 2188 ue
767 2123 950 2191 veternose
977 2126 1095 2213 gesan
1117 2126 1168 2191 ue
1195 2126 1295 2195 seue

275 2255 331 2321 der
355 2255 643 2344 Vormundschast)
674 2256 753 2323 oder
782 2279 878 2322 wenn
909 2257 954 2323 sie
978 2259 1165 2345 emancipirt
1185 2259 1293 2327 sind?

275 2382 368 2447 Nihil
389 2383 444 2447 hle
473 2384 616 2461 interest,
643 2393 759 2447 utrum
788 2383 952 2462 alteruter,
981 2408 1023 2449 an
1047 2385 1175 2471 utrique
1194 2409 1295 2473 agno·

275 2516 381 2581 verint
414 2526 579 2602 parentes3
625 2539 704 2581 num
726 2517 811 2581 enim
838 2516 915 2605 ideo·
939 2517 1045 2581 minus
1065 2516 1126 2581 sibi
1151 2516 1292 2583 invicem

278 2657 354 2713 sunt
375 2648 528 2726 extranei,
566 2670 645 2712 num
666 2648 789 2714 firmius
812 2648 852 2713 fit·
871 2649 1037 2715 vinculum
1060 2648 1187 2737 fragile,
1210 2649 1296 2735 quod
1376 2628 1379 2640 ⁴

278 2755 427 2867 parentes
449 2790 538 2846 extra
558 2781 687 2868 nuptias
707 2781 809 2869 ligat?

323 2913 502 3003 Agnitione
534 2904 745 2999 utrorumque
778 2924 947 3001 parentum
979 2924 1153 2981 nascuntur
1189 2914 1298 2981 liberis

279 3058 370 3135 pater
391 3058 423 3113 et
436 3052 545 3114 'mater
567 3025 741 3146 naturales,
766 3049 822 3134 qui
843 3049 965 3145 singuli
997 3072 1050 3117 eos
1076 3072 1134 3115 suo
1164 3050 1298 3135 quisque

278 3183 372 3249 modo
393 3182 528 3248 civiliter
546 3206 658 3248 curare
679 3182 942 3271 constringuntur
953 3208 962 3261 ;
988 3206 1052 3248 non
1075 3206 1150 3249 vero
1173 3194 1299 3249 exstant

280 3320 414 3384 maritus
435 3341 590 3403 uxorque,
613 3341 749 3404 quorum
774 3318 809 3382 in
827 3338 929 3382 unum
949 3319 1145 3405 propositum
1165 3342 1298 3385 consen-

282 3472 334 3514 sus
356 3472 392 3514 eo
414 3458 541 3513 tantum
563 3448 675 3526 tendit,
702 3457 740 3512 ut
753 3446 927 3513 liberorum
938 3447 1122 3512 consulatur
1141 3446 1236 3511 saluti
1251 3456 1299 3513 at·

282 3606 343 3667 que
352 3581 552 3648 beatitudini.
579 3581 716 3670 Egregie
731 3578 792 3647 hoe
806 3579 897 3647 nobis
908 3579 1026 3648 iudicat
1041 3595 1267 3647 DEMOLOMBE
1283 3588 1295 3625 ²

322 3761 329 3791 ¹
350 3759 375 3826 Ι,
396 3762 410 3827 s
430 3764 474 3826 ar,
493 3774 522 3828 p.
540 3762 602 3811 226.

322 3875 333 3909 ²
355 3874 411 3959 Ill,
430 3886 473 3928 n⁰.
491 3878 555 3928 415.
