2784 5092
316 1424 365 1469 DE
389 1422 484 1470 culta
506 1422 550 1469 ET
577 1419 807 1469 EDUOATIONE
828 1416 1035 1465 LIBERORUM
1057 1418 1284 1478 NATURALIUM

526 1554 647 1601 MATRE
673 1552 841 1601 TUTELAM
862 1550 1077 1598 REOUSANTE.

342 1964 410 2027 Etsi
439 1973 539 2030 mater
571 1982 745 2047 agnoscens
773 1960 888 2025 liberos
908 1960 1070 2025 naturales
1091 1984 1128 2024 eo
1148 1960 1213 2046 ipso
1235 1958 1306 2025 edu·

298 2098 392 2163 candi
413 2108 508 2180 atque
529 2094 633 2160 alendi
665 2092 759 2179 (Art.
797 2095 873 2171 353,
902 2095 970 2178 jcto
992 2092 1068 2159 Art.
1104 2090 1307 2179 36100.)

296 2229 429 2315 suscipit
448 2250 540 2306 onus,
565 2239 672 2296 tamem
693 2227 763 2313 ipsa
784 2250 817 2293 se
837 2226 876 2291 ad
889 2228 1053 2311 parandam
1065 2226 1198 2291 tutelam
1209 2226 1308 2289 minus

297 2363 443 2429 idoneam
464 2362 695 2448 haberentque
718 2362 829 2428 timere
850 2382 891 2425 ne
913 2360 1086 2428 liberormu
1105 2368 1216 2426 noceat
1226 2379 1306 2423 com·

297 2494 398 2562 modis
431 2502 545 2579 potest.
592 2493 628 2563 Si
657 2494 789 2559 eandem
825 2494 866 2559 ob
882 2515 1023 2558 ¹causam
1045 2491 1139 2557 matri
1157 2490 1309 2587 legitimae

298 2625 406 2691 tutrici
418 2623 513 2712 (Aa.
526 2628 593 2691 404
614 2625 654 2693 Ο.
680 2625 767 2715 O.)1
792 2626 926 2691 facultas
948 2625 1131 2691 conceditur
1151 2623 1309 2691 recusandi

298 2760 444 2838 tutelam,
457 2768 496 2822 ut
505 2759 572 2838 alii,
586 2758 628 2823 ad
648 2758 911 2826 administrandas
933 2754 1046 2845 pupilli
1058 2781 1108 2826 res
1128 2759 1230 2846 magis
1245 2726 1312 2844 apto

207 2983 215 2988 ἱ
298 2891 360 2956 hoc
378 2891 593 2955 committatur
622 2914 751 2968 munus,
787 2891 912 2955 nullum
931 2890 1077 2968 dubium,
1111 2890 1188 2975 quin
1225 2890 1312 2955 etiam

299 3023 395 3087 matri
406 3024 544 3089 naturali
562 3023 603 3088 ob
614 3023 741 3089 easdem
763 3004 901 3089 rationes
922 3024 1006 3089 idem
1026 3023 1131 3089 liceat.
1161 3022 1314 3091 Universa

300 3131 340 3220 de
370 3166 478 3233 matre,
501 3156 644 3243 legitima
663 3157 731 3221 sive
751 3157 901 3234 naturali,
924 3157 1065 3241 loquitur
1083 3155 1159 3223 Art.
1185 3158 1263 3235 404,
1286 3165 1314 3219 et

297 3288 465 3383 *spectatio
483 3289 592 3353 eadem
603 3287 748 3356 sectione
758 3288 896 3375 positum
918 3286 993 3355 Art.
1019 3287 1315 3377 408,parentesna·

301 3422 419 3488 turales
440 3430 646 3508 agnoscentes
664 3422 733 3507 ipso
750 3421 824 3506 jure
843 3420 1009 3485 facientem
1031 3430 1161 3484 tutores.

346 3553 445 3619 Hisce
465 3554 565 3641 igitur
586 3543 758 3639 perspectis
780 3553 910 3639 gravior
919 3552 1069 3617 exsistere
1079 3562 1185 3637 potest
1211 3574 1317 3638 quaes·

339 3743 347 3775 ¹
369 3744 434 3810 „De
465 3744 575 3799 moeder
604 3744 625 3799 is
655 3746 712 3799 niet
728 3746 859 3817 ‘verpligt
889 3747 923 3800 de
953 3746 1064 3817 voogdij
1085 3764 1136 3799 aon
1156 3752 1184 3801 tc
1203 3762 1318 3810 semem

302 3836 394 3891 echter
421 3842 495 3891 moet
511 3837 566 3907 zij,
591 3837 619 3891 in
639 3838 720 3909 geval
738 3856 791 3893 van
810 3838 958 3910 weigering
982 3840 1015 3893 do
1036 3838 1139 3909 pligten
1159 3857 1216 3893 vau
1239 3856 1319 3908 roog·

302 3932 378 3983 desse
397 3946 569 3985 waarnemen
587 3947 620 3985 en
640 3946 725 3986 senen
745 3932 864 3987 anderen
883 3933 974 4003 voogd
993 3932 1063 3987 doen
1081 3930 1254 3988 benoemen”
1272 3938 1320 3987 sto·
