2784 5092
573 562 614 625 31

87 785 225 863 casibus,
250 782 366 868 quibus
388 782 556 869 positivam
578 781 778 869 agnitionem,
795 782 836 846 ad
859 792 980 847 certum
992 781 1111 849 factum

86 919 189 1007 poscit
214 916 324 983 Codex
345 927 462 996 noster,
487 926 525 979 ut
535 914 625 980 Artt.
652 918 729 994 374,
755 917 831 995 383,
846 918 921 995 909,
935 919 1108 1001 sqq.,408‚

88 1055 169 1131 420,
203 1052 280 1128 918,
314 1051 379 1116 920
404 1060 483 1140 feet,
516 1050 648 1115 dubium
679 1051 774 1136 objici
795 1060 910 1138 posset,
935 1076 1013 1117 num
1036 1076 1112 1117 con-

90 1196 179 1251 stans
201 1195 415 1272 perpetuaque
437 1155 609 1250 liberorum
625 1186 820 1251 naturalium
840 1196 939 1251 status
957 1187 1110 1273 possessio

92 1318 267 1406 agnitionis
293 1319 363 1383 vice
389 1319 487 1405 possit
516 1318 627 1406 fungi3
660 1329 692 1384 et
725 1319 765 1384 ad
796 1319 947 1384 absurdas
969 1284 1110 1404 sequelae

92 1450 268 1537 perveniri,
293 1451 338 1515 ita
359 1450 589 1530 ratiocinando,
615 1452 686 1536 quis
706 1474 771 1517 non
791 1451 973 1538 intelligat?

133 1581 236 1647 Hisce
258 1582 357 1669 igitur
375 1582 590 1672 consideratis,
615 1584 706 1649 nobis
717 1583 845 1667 quidem
854 1572 996 1662 videtur,
1009 1606 1110 1667 quan-

90 1714 261 1799 docunque
299 1727 445 1802 parentes
480 1717 564 1782 inter
593 1727 624 1782 et
662 1717 777 1782 liberos
823 1717 995 1795 naturales,
1044 1738 1110 1781 non

90 1848 153 1912 rite
176 1870 215 1913 ac
241 1848 380 1935 legitime
403 1850 540 1936 agnitos,
576 1850 696 1948 oriatur
718 1852 859 1935 quaestio
882 1851 921 1917 de
943 1851 1111 1916 exsistente

42 2075 46 2082 ι
86 1981 173 2067 juris
184 1982 289 2047 civilis
315 1982 444 2048 vinculo
477 1983 562 2067 quod
593 1984 634 2049 ab
666 1980 818 2049 alterutra
848 1986 987 2071 partium
1006 1984 1111 2049 vindi·

91 2125 198 2191 catur,
222 2125 379 2200 parentes,
408 2117 461 2181 vel
485 2105 601 2182 liberos
623 2117 664 2181 ad
685 2118 841 2183 actionem
862 2119 955 2183 istam
981 2118 1109 2183 institu-

93 2245 211 2309 endam
240 2269 306 2311 non
334 2270 425 2333 posse
455 2248 590 2328 admitti,
615 2272 689 2314 cum
711 2250 772 2314 hoc
794 2272 869 2315 casu
891 2250 951 2315 sibi
973 2250 1109 2314 invicem

91 2388 258 2463 tamquam
281 2379 376 2445 alieni
398 2391 430 2446 et
451 2382 592 2447 extranei
614 2382 678 2446 sint
699 2382 847 2447 habendi.
892 2380 1016 2446 Huicce
1038 2403 1109 2445 sen-

92 2512 213 2578 tentiae
245 2535 282 2577 eo
314 2514 416 2600 magis
448 2502 647 2607 assentimur,
680 2536 756 2578 cum
782 2515 868 2579 omni
890 2523 1030 2601 tempore
1052 2535 1109 2598 pa·

90 2646 239 2710 rentibus
262 2655 309 2710 est
330 2646 408 2711 haec
428 2646 561 2712 facultas
579 2646 781 2735 agnoscendi,
805 2656 837 2711 et
857 2645 1108 2731 quandocunque

92 2776 158 2843 hoc
180 2801 291 2843 eorum
310 2780 445 2858 intersit,
470 2782 601 2859 tributa3
625 2782 811 2866 neutiquam
848 2778 965 2845 Codice
1001 2782 1108 2839 nostro

91 2911 269 2975 terminum
292 2913 457 2997 quemdam
479 2914 555 2979 huic
576 2914 807 3001 praescribente
829 2912 925 2989 actui,
948 2920 1108 2993 tamquam

52 3073 59 3079 ·
91 3041 193 3106 nullis
216 3042 357 3129 subjecto
368 3045 600 3112 conditionibus
616 3046 695 3131 juri.
721 3044 910 3133 Agnoscent
931 3046 1031 3132 igitur
1052 3058 1109 3130 pa·

90 3182 211 3252 rentes,
237 3184 294 3239 aut
315 3177 421 3243 omnia
453 3178 489 3243 in
518 3178 634 3245 liberos
671 3202 745 3247 suos
773 3178 932 3245 naturales
963 3178 1109 3245 amittant

91 3306 329 3395 qualiacunque
346 3310 433 3397 jura.
536 3335 540 3339 ⁴

473 3535 708 3548 Ἢ
