2784 5092
610 549 710 643 53¹

113 780 152 835 te
171 770 256 836 hanc
277 770 319 835 ob
341 793 408 836 rem
430 770 537 837 liberis
559 780 607 835 est
628 772 820 857 injunctum,
846 794 886 836 ne
907 773 1139 839 sine'consensu

113 914 290 991 parentum
316 891 498 989 relinquant
529 903 658 969 domum
691 914 723 969 et
762 905 957 991 parentibus,
1005 917 1139 993 urgente

113 1036 326 1115 amaenitate,
351 1047 399 1101 est
419 1036 553 1102 facultas
575 1036 695 1101 tributa
716 1036 844 1123 publico
867 1039 997 1116 auxilio,
1024 1060 1076 1103 eos
1089 1040 1139 1103 in·

114 1167 290 1247 cludendi,
315 1168 350 1233 id
371 1168 475 1253 quod,
509 1168 551 1234 ad
572 1168 707 1256 patriani
729 1178 915 1256 potestatem
937 1182 975 1235 ut
996 1166 1139 1259 eporteat

114 1295 346 1385 exercendum,
366 1294 441 1380 jure
462 1294 550 1361 civili
572 1296 728 1360 sancitum
743 1297 989 1361 instrumentum
1000 1306 1047 1360 est
1056 1295 1138 1391 exis·

110 1426 306 1492 timandum.
333 1425 454 1493 Omnia
475 1427 614 1493 remedia
633 1427 813 1515 porrigendi
826 1427 954 1504 liberos,
964 1426 1138 1493 necessaria

113 1567 155 1621 ut
186 1557 402 1644 plenissimam
434 1557 654 1624 efficacitatem
689 1560 804 1625 habeat
841 1560 945 1646 patria
982 1570 1135 1646 potestas,
1252 1600 1255 1608 ‹

109 1700 212 1775 atque
233 1692 309 1779 ipsis
337 1692 445 1757 liberis
467 1692 587 1757 utilitas
609 1692 762 1778 pariatur,
788 1692 840 1757 hie
861 1692 1023 1779 legislator
1045 1716 1137 1779 prae-

113 1836 201 1889 stare
223 1825 336 1891 voluit.
383 1824 482 1892 Serus
504 1845 592 1903 vero,
617 1825 674 1889 ubi
696 1824 736 1889 de
759 1826 915 1891 bonorum
937 1826 1137 1893 administra·

112 1956 204 2022 tione
218 1967 250 2023 et
271 1956 441 2023 usufructu
462 1958 581 2045 agitur,
605 1980 656 2022 res
670 1957 822 2022 sehabet.
847 1956 1133 2036 Sectionemenim‚

112 2113 200 2176 quae
231 2090 271 2155 de
292 2091 413 2177 patriae
433 2092 596 2178 potestatis
618 2090 753 2175 sequelis
785 2091 853 2177 agit
874 2090 958 2156 cirea
990 2094 1074 2176 bona
1095 2092 1136 2156 li-

112 2226 277 2306 berorum,
300 2226 569 2312 percurrentibus,
593 2234 701 2311 aperte
723 2223 814 2288 nobis
836 2234 922 2310 patet
941 2226 1136 2291 nul-lumbo-

3 2448 9 2456 .
112 2382 190 2426 rum
212 2346 451 2446 praeceptorum
472 2358 580 2424 liberis
601 2356 800 2422 naturalibus
824 2340 975 2443 applicari
997 2358 1134 2424 voluisse
1254 2368 1264 2372 ’

111 2489 340 2577 legislatorem.
366 2490 610 2557 Administratio
633 2491 718 2555 enim
741 2466 836 2575 atque
852 2490 1133 2555 musfrnetustan-

112 2633 187 2688 tum
218 2626 411 2690 matrimonii
443 2626 610 2737 privilegia
638 2625 748 2690 haberi
777 2625 904 2690 debent.
953 2624 1027 2691 Non
1054 2626 1132 2691 haec

112 2757 306 2823 naturaliter
325 2759 509 2844 parentibus
530 2758 695 2824 inhaerere
718 2758 789 2841 quis
811 2756 991 2835 contendat,
1003 2768 1041 2821 ut
1056 2758 1128 2844 ipsi,

7 2928 12 2933 .
112 2912 199 2975 quae
226 2890 334 2956 liberis
354 2891 396 2955 ab
417 2891 487 2956 aliis
506 2902 582 2956 sunt
602 2891 730 2968 donata,
754 2889 845 2955 bonis
868 2890 1016 2955 fruantur
1037 2898 1131 2975 atque

111 3049 227 3100 eormn
248 3049 343 3091 usum
365 3026 472 3092 liberis
493 3048 552 3113 pro
572 3025 679 3090 lubitu
701 3024 927 3111 praescribant.

162 3159 295 3226 Ceterae
333 3159 454 3246 patriae
485 3159 647 3245 potestatis
670 3157 836 3241 sequelae,
871 3177 1061 3239 quamquam
1094 3154 1128 3219 in

92 3290 197 3360 cod.
227 3302 335 3355 nostro
364 3314 429 3356 non
452 3312 596 3377 expresse
617 3289 662 3354 ita
683 3288 901 3375 appellentur,
925 3287 1035 3352 haberi
1057 3309 1129 3372 pos·

110 3434 191 3491 sunt
229 3446 400 3489 consensus
445 3422 485 3488 ad
536 3421 663 3509 nuptias
694 3418 922 3485 contrahendas
965 3416 1059 3515 (Art.
1085 3420 1127 3485 98

109 3560 155 3629 C.
181 3556 241 3646 C.)
264 3566 296 3620 et
318 3554 450 3619 facultas
482 3553 588 3619 liberis
610 3552 860 3639 emancipatione
882 3550 1035 3636 quaedam
1060 3574 1128 3615 ma·

105 3692 189 3780 joris
212 3690 322 3756 aetatis
340 3689 416 3774 jura
438 3686 597 3752 tribuendi
621 3685 715 3774 (Art.
741 3688 804 3751 479
820 3648 947 3771 Cio).
981 3683 1127 3770 Utraque

19 3838 26 3848 '
111 3824 170 3889 illa
187 3823 262 3908 jura
285 3822 404 3907 precise
426 3821 634 3909 elegislatore
644 3818 817 3885 exercenda
827 3817 944 3883 tradita
953 3828 1028 3882 sunt
1043 3818 1125 3903 patri
