2784 5092
604 543 656 606 -ll

121 760 391 826 interventionem
412 783 480 826 esse
501 760 724 838 adhibendam,
748 762 883 846 quoties,
907 773 945 841 ut
977 763 1038 830 hoc
1068 787 1145 830 casu

122 891 224 954 etiam
247 888 353 953 locum
375 887 494 967 habet,
520 887 679 953 curandus
702 898 787 953 caret
808 888 930 954 familia
950 901 1037 970 nota,
1062 914 1144 976 quae

122 1022 227 1107 ipsius
259 1021 430 1107 prospiciat
462 1020 578 1100 sarua,
614 1021 647 1085 u
679 1021 763 1104 quod
787 1033 948 1107 praeterea
970 1023 1143 1088 Maean
1193 999 1200 1012 '

122 1156 256 1221 Publici
287 1156 325 1220 fit
347 1155 499 1233 officium,
526 1178 599 1220 cum
621 1166 750 1243 propter
772 1156 927 1222 insaniam
949 1159 1081 1223 curandi
1103 1159 1144 1225 de

123 1288 283 1353 societatis
316 1288 420 1372 quiete
443 1297 474 1352 et
497 1288 664 1352 securitate
685 1288 792 1374 agitur
815 1286 908 1374 (Art.
934 1290 999 1354 489
1022 1290 1065 1354 al.
1091 1291 1141 1379 1).
1257 1269 1260 1272 ⁴

122 1422 266 1508 Insuper
309 1443 502 1508 magnopere
545 1421 668 1484 occurri
711 1430 815 1507 posset
847 1421 923 1486 huic
944 1421 1143 1502 difficultati,

124 1555 155 1619 si
173 1554 274 1640 judex
297 1552 505 1619 Cantennalis
527 1553 639 1638 quovis
670 1553 764 1618 modo
796 1531 1024 1640 amagistratu
1046 1565 1147 1620 status

127 1687 232 1752 civilis
255 1661 431 1773 impetrare*
444 1696 560 1771 posset,
586 1695 623 1750 ut
645 1686 807 1772 agnitione
829 1710 894 1751 non
917 1687 1012 1766 facta,
1037 1688 1097 1752 hac
1107 1688 1146 1753 de

11 1847 24 1864 ³
126 1843 165 1884 re
188 1843 221 1884 se
243 1820 408 1883 certiorem
431 1818 537 1898 faciat,
563 1818 671 1892 eadem
687 1820 809 1885 ratione
825 1831 920 1905 atque
930 1821 969 1886 de
978 1831 1147 1908 parentum

127 1960 231 2014 morte
262 1949 378 2013 liberos
405 1944 653 2032 relinquentium
679 1949 837 2027 minorem
868 1960 900 2015 et
921 1950 1013 2015 ambo
1036 1951 1081 2015 sic
1103 1950 1149 2016 le·

129 2081 288 2168 gislatoris
321 2079 451 2167 implere
484 2090 674 2144 conarentur
696 2081 903 2165 propositum.
949 2081 1061 2146 Potior
1088 2082 1149 2148 hac

129 2214 171 2280 de
206 2238 241 2282 re
279 2214 405 2280 videtur
443 2213 523 2280 Cod.
563 2213 713 2278 Francici
751 2212 938 2299 dispositio¹
972 2237 1053 2299 quae
1074 2218 1149 2280 uni-

130 2347 246 2432 cuique
269 2347 323 2431 jus
366 2345 489 2424 tribuit,
523 2345 547 2409 i.
582 2369 611 2411 e.
645 2344 741 2409 etiam
777 2343 959 2409 Ministerio
997 2345 1145 2427 Publice,

74 2473 77 2480 ’
130 2480 207 2545 huic
230 2504 339 2546 curam
362 2481 436 2546 dare
457 2480 586 2544 tutelae.
623 2476 778 2579 Attamen
801 2477 1059 2565 distinguendum
1081 2481 1146 2560 hic,

129 2635 172 2676 an
191 2613 314 2676 matris
357 2610 495 2675 nominis
538 2610 572 2674 in
613 2609 835 2687 declaratione,
883 2633 964 2695 quae
1008 2612 1047 2678 de
1090 2637 1149 2678 na-

131 2745 250 2810 talibus
272 2745 443 2809 liberorum
466 2743 660 2808 naturalium
675 2743 712 2808 fit
722 2743 807 2829 apud
817 2745 1037 2830 magistratum
1048 2747 1151 2812 civilis

135 2887 247 2957 statua,
281 2879 398 2942 mentio
422 2876 462 2941 sit
484 2876 578 2954 facta,
603 2898 661 2940 nee
684 2899 736 2939 ne.
785 2875 820 2942 si
842 2887 928 2941 certa
949 2888 1044 2962 atque
1066 2881 1153 2966 apud

135 2997 206 3076 actu
238 3011 399 3074 nominata
431 3011 471 3074 sit
503 3020 615 3087 mater,
641 3007 758 3072 durum
781 3030 856 3072 sane
878 3020 972 3092 atque
1005 3012 1151 3096 iniquum

135 3154 227 3221 esset,
262 3143 361 3207 inscia
392 3152 492 3206 matre
524 3152 556 3205 et
587 3141 622 3204 in
643 3141 729 3206 bona
749 3140 812 3206 fide
833 3153 990 3221 versante,
1010 3144 1151 3228 judicem

91 3243 96 3254 Ι
136 3276 355 3356 cantonnalem
390 3279 510 3361 ‘sponte
552 3283 701 3351 tutorem,
741 3274 835 3338 matri
867 3275 961 3360 plane
998 3275 1149 3371 alienum,

137 3411 253 3488 dicere,
289 3419 320 3474 et
341 3408 442 3474 multo
474 3407 575 3494 magis
598 3407 689 3472 nobis
724 3407 850 3472 videtur
881 3407 1092 3493 probandum,
1125 3411 1151 3474 si

177 3725 272 3784 1Ἀιι.
292 3735 343 3782 406
365 3730 397 3784 C.
417 3730 491 3800 Nap.
523 3731 628 3798 „Toute
645 3749 774 3800 personne
797 3750 898 3802 pourra
920 3733 1056 3788 denoncer
1083 3737 1152 3789 boe

136 3826 205 3897 juge
222 3823 248 3878 le
266 3823 317 3876 fait
334 3821 381 3892 qui
401 3823 522 3877 donnera
539 3823 591 3878 lieu
611 3825 627 3876 b
644 3822 672 3876 la
691 3824 861 3879 nominatior
880 3811 943 3880 d’iin
962 3832 1085 3881 luteum·
