2784 5092
676 579 683 588 “
739 567 759 627 2

242 783 349 849 liberis
371 796 459 849 extra
479 771 606 870 nuptias
626 781 797 869 procreatis
817 781 904 868 leges
922 781 1123 868 assignavere
1140 781 1258 860 locum,

242 917 461 982 aestumationi
484 915 630 1004 publicae
653 937 842 1000 congruum.
875 919 884 955 ¹

286 1043 379 1109 Licet
414 1047 509 1110 etiam
544 1054 651 1108 nostro
687 1044 792 1107 visum
827 1042 868 1106 sit
902 1041 1075 1128 legislatori
1105 1043 1260 1127 expressis

243 1175 498 1261 dispositionibus
529 1176 702 1240 liberorum
732 1164 926 1238 naturalium
953 1171 1085 1235 definire
1105 1172 1261 1236 conditioss

242 1327 327 1383 nem,
358 1308 443 1371 subit
470 1318 576 1384 tamen
604 1307 757 1392 quaestio,
790 1304 905 1392 sparsis
932 1315 964 1368 et
991 1304 1108 1390 passim
1137 1303 1259 1368 diffusis

242 1436 364 1502 collatis
391 1439 426 1502 in
454 1462 555 1502 unum
583 1440 719 1516 statutis,
749 1461 827 1501 num
848 1436 1041 1501 sufficienter
1061 1445 1093 1498 et
1113 1434 1260 1521 explicite

243 1568 317 1633 satis
342 1570 488 1636 omnibus
514 1571 548 1634 in
568 1571 663 1636 rebus
685 1571 726 1635 sit
746 1592 877 1634 munere
899 1567 1048 1632 functus¹⁴
1066 1566 1170 1652 Atqui
1180 1568 1261 1632 libe-

191 1749 192 1752 η
242 1721 350 1766 rorum
370 1703 564 1768 naturalium
584 1704 680 1768 variis
701 1703 786 1766 vitae
806 1701 910 1765 civilis
931 1701 1164 1766 conditionibus
1184 1723 1261 1764 con·

242 1833 384 1897 sideratis
408 1835 468 1898 hac
493 1835 532 1899 de
556 1858 592 1899 re
616 1835 761 1898 dubitare
777 1834 937 1920 cogimur,
960 1855 1088 1917 paucos,
1112 1833 1167 1916 qui
1187 1856 1257 1918 spe-

242 1963 364 2028 cialiter
391 1965 430 2029 de
457 1966 496 2029 iis
524 1966 631 2051 scripti
660 1976 746 2042 sunt,
774 1965 922 2028 articulos
943 1964 1065 2028 intuiti·
1097 1962 1259 2049 Imprimis

242 2115 318 2158 vero
339 2096 429 2160 nobis
449 2097 483 2160 in
505 2119 615 2160 eorum
634 2096 750 2161 minori
768 2106 881 2173 aetate,
902 2095 1104 2160 difficultates
1115 2116 1259 2158 occurre·

241 2225 331 2306 bant,
362 2251 439 2312 quas
468 2228 585 2292 frustra
612 2228 771 2307 dirimere,
794 2229 855 2292 nisi
870 2227 1034 2314 analogica
1054 2227 1259 2290 articulorum
1351 2285 1355 2293 .

241 2358 509 2445 interpretatione,
540 2371 596 2424 aut
623 2361 751 2425 aliunde
778 2361 965 2447 legislatoris
992 2359 1164 2423 voluntatis
1184 2381 1256 2444 per·

242 2492 411 2575 quisitione
431 2495 535 2558 conati
560 2517 679 2558 sumus.
716 2494 932 2577 Quamobrem
962 2493 1134 2558 liberorum
1164 2501 1256 2556 natu-

243 2626 358 2690 ralium
389 2627 532 2704 tutelam,
566 2627 825 2711 quaestionesque
856 2627 969 2691 exinde
1001 2637 1084 2690 ortas
1104 2626 1257 2712 inspicere

243 2764 337 2838 atque
358 2778 514 2840 exponere
533 2743 598 2818 non
618 2755 780 2840 ingratum
799 2755 893 2840 plane
914 2777 992 2840 opus
1012 2753 1079 2817 fore
1096 2753 1255 2816 duximus.

287 2881 396 2966 Hujus
424 2903 536 2966 operae
564 2879 704 2954 fructum
733 2882 759 2945 si
784 2882 890 2966 itaque
909 2880 1079 2945 lectoribus
1098 2879 1259 2945 benevolis

140 3039 142 3043 ’
244 3012 423 3090 offeramus,
454 3011 515 3075 hoc
542 3035 594 3076 eos
623 3012 834 3097 praemonitos
861 3035 928 3076 esse
954 3011 1101 3089 velimus,
1123 3011 1200 3075 alias
1224 3013 1258 3076 in

245 3143 341 3208 hacce
369 3144 585 3208 dissertatione
612 3141 778 3228 indagatas
806 3143 1014 3227 quaestiones,
1045 3142 1105 3206 hoc
1129 3143 1259 3208 consilio

245 3298 302 3340 nos
322 3284 480 3353 tractasse,
505 3285 543 3338 ut
562 3270 748 3353 multorum,
766 3276 821 3360 qui
841 3277 957 3361 passim
974 3276 1044 3339 illos
1055 3263 1271 3362 attingerent'

240 3405 541 3489 jurisconsultorum
570 3407 770 3491 opinionibus
798 3407 937 3471 collectis
964 3418 996 3471 et
1020 3407 1102 3472 inter
1122 3430 1155 3470 se
1175 3430 1261 3472 com·

282 3667 289 3697 ¹
322 3667 366 3721 Cf.
396 3666 448 3720 hac
476 3668 509 3720 de
533 3685 563 3721 re
589 3683 735 3732 exarsura,
765 3667 811 3739 des
835 3669 943 3722 enfants
968 3667 1015 3718 nes
1038 3663 1102 3717 hors
1129 3662 1259 3732 mariage.

244 3773 354 3827 Ancon,
386 3758 411 3827 1,
436 3765 479 3812 76.
508 3775 632 3827 uanus,
652 3759 723 3830 Rep.
745 3777 773 3812 r.
796 3759 899 3814 edrard.
923 3762 1099 3821 scabrium,
1119 3753 1175 3821 111,
1195 3759 1258 3807 216.

243 3855 433 3920 marrubium,
456 3850 496 3920 11,
521 3857 580 3905 172.
612 3866 795 3920 sacramus,
817 3851 874 3919 111,
898 3856 960 3902 412.
