2784 5092
251 779 335 848 sinat
367 779 499 846 tutelam
528 779 667 846 dativum
695 791 864 868 parentum
887 777 1039 866 majorem
1061 751 1195 846 aetatem
1218 780 1274 846 in-

251 937 432 1002 gressorum
463 913 607 1002 legitima
638 915 739 980 tutela
768 915 849 992 tolli,
873 937 940 979 non
960 915 1180 1002 intelligimus,
1203 939 1277 981 non
1378 926 1379 959 ³

252 1067 290 1110 eo
312 1021 414 1131 magis
435 1044 497 1109 hoc
518 1042 564 1109 ita
585 1068 619 1110 se
640 1043 759 1110 habere
780 1043 943 1132 agnitione
964 1054 1145 1130 parentum.
1171 1044 1275 1127 Quod
1373 1026 1379 1105 s

252 1176 279 1242 si
313 1176 573 1261 objectionem,¹
612 1175 696 1241 inter
727 1175 848 1255 modos,
873 1177 930 1260 qui
951 1176 1069 1241 tutelae
1091 1177 1188 1243 finem
1209 1179 1277 1242 im·

252 1321 388 1400 ponunt,
412 1333 479 1376 non
500 1309 639 1376 inveniri
661 1321 885 1376 testamentum
905 1311 1027 1390 matris,
1044 1334 1126 1395 quac
1137 1313 1276 1378 tutelam

250 1441 421 1522 recusavit,
455 1440 551 1509 etiem
582 1439 635 1509 hic
666 1443 872 1530 applicemus,
905 1442 1002 1529 hujus
1030 1445 1166 1510 maxime
1197 1446 1278 1513 Viri
1378 1420 1379 1471 ³

252 1577 349 1641 Doct.
374 1592 647 1641 wuarnnwouur
661 1575 763 1662 (infra
779 1575 857 1665 cit.)
877 1576 1119 1642 refutationibus
1139 1577 1276 1642 assenti-
1378 1610 1379 1627 2

252 1669 411 1786 mur‚·ubi
435 1709 503 1774 scil.
524 1708 612 1786 dicit,
641 1725 799 1792 nusquam
814 1706 850 1773 in
867 1709 940 1796 lege
954 1719 1061 1773 nostra
1080 1730 1138 1794 per
1157 1708 1276 1772 seriem

252 1839 429 1906 enumerari
451 1839 560 1904 modos
577 1835 884 1917 finiendae-tutelae
896 1839 1125 1923 cumnequcin
1147 1838 1197 1903 his
1219 1839 1276 1903 in-
1378 1808 1379 1865 ]

253 1972 402 2038 veniatur
423 1993 507 2036 mora
517 1971 648 2036 secundi
657 1972 775 2050 mariti,
799 1971 857 2056 qui
865 1971 998 2036 tutelam
1010 1994 1076 2036 non
1086 1971 1276 2059 gessitque

253 2129 293 2172 ex
316 2103 393 2170 Art.
424 2105 490 2170 406
523 2104 565 2169 al.
599 2107 620 2171 3
654 2115 686 2170 et
707 2109 763 2170 4²
788 2103 884 2171 etiarn
904 2104 1012 2172 dativa
1034 2117 1133 2172 cessat
1153 2107 1271 2173 tutela.

252 2237 326 2304 Hoc
347 2259 423 2304 vero
445 2235 625 2304 addendum
651 2248 813 2325 putamus:
838 2238 866 2304 ai
886 2237 1072 2326 perduraret
1092 2239 1193 2304 tutela
1214 2241 1275 2306 da·

251 2383 329 2450 tiva,
353 2393 450 2456 quam
471 2370 609 2436 maxime
630 2369 691 2436 hoc
712 2371 852 2436 obstaret
872 2371 1060 2458 legislatoris
1081 2373 1215 2438 consilio
1233 2384 1275 2439 ut

249 2502 406 2589 agnitioni
428 2503 515 2567 omni
536 2502 629 2567 modo
653 2502 760 2567 faveat
781 2525 916 2588 eamque
938 2503 1077 2582 alliciat3
1102 2504 1173 2588 quis
1183 2507 1273 2572 enim

249 2635 385 2722 patriam
417 2655 507 2700 suam
539 2644 726 2720 potestatem
756 2659 874 2723 magne
905 2646 996 2722 parte
1022 2659 1097 2702 cum
1119 2647 1273 2706 extraneo

250 2768 310 2834 sibi
340 2791 409 2834 csse
452 2766 654 2833 dividendam
690 2765 803 2847 sciens,
828 2771 1033 2856 agnosceret?
1078 2768 1143 2835 Ast
1164 2772 1274 2856 potius

251 2921 357 2966 noune
378 2909 427 2965 est
447 2899 609 2980 credibile,
634 2901 735 2988 ipsam
757 2899 1028 2990 illamlegitimam
1043 2903 1185 2969 absolute
1194 2925 1274 2970 con·

288 3119 296 3150 ¹
316 3117 541 3183 cs‘oezoonrs,
556 3113 581 3184 I,
600 3133 630 3188 p,
651 3120 713 3183 184,
727 3130 906 3184 mensumn,
925 3115 952 3184 1,
974 3120 1074 3171 sss-et
1087 3118 1273 3192 prombjecta

249 3210 362 3265 materie
383 3226 475 3264 eorum
493 3207 612 3262 refutata
630 3215 791 3278 argumenta
815 3226 833 3261 a
848 3226 877 3264 v.
888 3225 917 3264 n.
930 3222 957 3264 r.
971 3222 1020 3262 rn.
1034 3200 1270 3277 wnsrnawouur,

249 3303 319 3360 Dias.
336 3303 401 3359 Jur.
431 3297 530 3370 Inaug.
553 3301 587 3354 de
605 3306 692 3354 matre
715 3300 787 3371 patri
806 3301 958 3371 superstite,
980 3301 1126 3356 liberorum
1149 3303 1267 3361 tutelam

90 3400 96 3410 '
211 3460 216 3468 ,
249 3403 399 3453 recusante.
436 3393 870 3464 Amste1.ap.1.c.cmmm
893 3401 991 3450 etsoc.
1005 3401 1085 3463 1854,
1107 3415 1136 3467 p.
1156 3402 1200 3450 48.

285 3518 293 3541 ²
317 3513 383 3580 „De
400 3509 511 3580 voogdij
534 3525 588 3562 van
611 3509 645 3562 de
668 3526 763 3564 vrouw
786 3510 901 3578 vervalt,
925 3509 1016 3564 indien
1041 3512 1075 3564 de
1094 3513 1266 3584 medevoogd

247 3609 290 3658 tot
307 3605 342 3658 de
362 3601 473 3673 voogdij
496 3599 710 3670 onbevoegdis,
728 3601 763 3655 ol'
783 3600 906 3655 daarvan
924 3603 1122 3672 ontzetwordt,
1134 3609 1180 3658 teu
1191 3619 1265 3658 ware

246 3698 281 3751 de
308 3694 461 3765 ontzetting
490 3693 616 3764 geschied
642 3692 677 3762 zij
695 3698 737 3747 ter
754 3693 824 3749 zake
846 3711 902 3747 van
928 3695 1135 3765 onnoozelheid,
1159 3696 1262 3751 krank·

243 3788 399 3861 zinnigheid
416 3787 449 3841 of
462 3785 588 3856 racemij.
625 3785 669 3856 Bij
691 3786 856 3858 outbinding
871 3804 927 3842 van
947 3787 995 3842 het
1015 3790 1117 3843 tweede
1128 3789 1258 3860 huwelijk

244 3883 332 3938 treedt
351 3882 385 3936 de
406 3880 516 3933 moeder
532 3877 559 3931 iu
584 3878 618 3932 de
639 3878 751 3951 voogdij
775 3879 884 3950 tcmg.”
