<?xml version="1.0" encoding="UTF-8"?>
<!DOCTYPE html PUBLIC "-//W3C//DTD XHTML 1.0 Transitional//EN"
    "http://www.w3.org/TR/xhtml1/DTD/xhtml1-transitional.dtd">
<html xmlns="http://www.w3.org/1999/xhtml" xml:lang="en" lang="en">
 <head>
  <title>
</title>
<meta http-equiv="Content-Type" content="text/html;charset=utf-8" />
  <meta name='ocr-system' content='tesseract 3.04.00' />
  <meta name='ocr-capabilities' content='ocr_page ocr_carea ocr_par ocr_line ocrx_word'/>
</head>
<body>
  <div class='ocr_page' id='page_1' title='image "./specimenjuridic00lagugoog_0078.png"; bbox 0 0 2784 5092; ppageno 0'>
   <div class='ocr_carea' id='block_1_1' title="bbox 579 562 648 627">
    <p class='ocr_par' dir='ltr' id='par_1_1' title="bbox 579 562 648 627">
     <span class='ocr_line' id='line_1_1' title="bbox 579 562 648 627; baseline 0 0"><span class='ocrx_word' id='word_1_1' title='bbox 579 562 648 627; x_wconf 78' lang='grc'>’65</span> 
     </span>
    </p>
   </div>
   <div class='ocr_carea' id='block_1_2' title="bbox 111 779 1130 869">
    <p class='ocr_par' dir='ltr' id='par_1_2' title="bbox 111 779 1130 869">
     <span class='ocr_line' id='line_1_2' title="bbox 111 779 1130 869; baseline 0.005 -26"><span class='ocrx_word' id='word_1_2' title='bbox 111 779 319 844; x_wconf 85' lang='lat' dir='ltr'>Dissentiunt</span> <span class='ocrx_word' id='word_1_3' title='bbox 344 781 428 866; x_wconf 83' lang='lat' dir='ltr'>juris</span> <span class='ocrx_word' id='word_1_4' title='bbox 457 781 644 869; x_wconf 71' lang='lat' dir='ltr'>interpretes</span> <span class='ocrx_word' id='word_1_5' title='bbox 671 788 700 861; x_wconf 88' lang='lat'>¹,</span> <span class='ocrx_word' id='word_1_6' title='bbox 735 804 871 869; x_wconf 90' lang='lat' dir='ltr'>quorum</span> <span class='ocrx_word' id='word_1_7' title='bbox 901 784 927 849; x_wconf 88' lang='lat' dir='ltr'>si</span> <span class='ocrx_word' id='word_1_8' title='bbox 958 780 1130 850; x_wconf 83' lang='lat' dir='ltr'>Franoioos</span> 
     </span>
    </p>
   </div>
   <div class='ocr_carea' id='block_1_3' title="bbox 2 914 1130 1005">
    <p class='ocr_par' dir='ltr' id='par_1_3' title="bbox 2 914 1130 1005">
     <span class='ocr_line' id='line_1_3' title="bbox 2 914 1130 1005; baseline 0.007 -29"><span class='ocrx_word' id='word_1_9' title='bbox 2 923 3 926; x_wconf 76' lang='grc'>’</span> <span class='ocrx_word' id='word_1_10' title='bbox 111 923 361 998; x_wconf 83' lang='lat' dir='ltr'>perscrutamus,</span> <span class='ocrx_word' id='word_1_11' title='bbox 383 914 570 1001; x_wconf 87' lang='lat' dir='ltr'>pierumque</span> <span class='ocrx_word' id='word_1_12' title='bbox 598 916 659 982; x_wconf 85' lang='lat' dir='ltr'>hoo</span> <span class='ocrx_word' id='word_1_13' title='bbox 684 928 872 1005; x_wconf 82' lang='lat' dir='ltr'>argumento</span> <span class='ocrx_word' id='word_1_14' title='bbox 897 918 946 982; x_wconf 92' lang='lat' dir='ltr'>uti</span> <span class='ocrx_word' id='word_1_15' title='bbox 964 941 1021 983; x_wconf 86' lang='lat' dir='ltr'>¹eos</span> <span class='ocrx_word' id='word_1_16' title='bbox 1040 918 1130 985; x_wconf 85' lang='lat' dir='ltr'>inve-</span> 
     </span>
    </p>
   </div>
   <div class='ocr_carea' id='block_1_4' title="bbox 2 1046 1130 1135">
    <p class='ocr_par' dir='ltr' id='par_1_4' title="bbox 2 1046 1130 1135">
     <span class='ocr_line' id='line_1_4' title="bbox 2 1046 1130 1135; baseline 0.005 -26"><span class='ocrx_word' id='word_1_17' title='bbox 2 1103 3 1110; x_wconf 58' lang='lat'>.</span> <span class='ocrx_word' id='word_1_18' title='bbox 111 1046 233 1125; x_wconf 90' lang='lat' dir='ltr'>nimus,</span> <span class='ocrx_word' id='word_1_19' title='bbox 255 1046 342 1131; x_wconf 89' lang='lat' dir='ltr'>quod</span> <span class='ocrx_word' id='word_1_20' title='bbox 358 1046 491 1112; x_wconf 91' lang='lat' dir='ltr'>dubium</span> <span class='ocrx_word' id='word_1_21' title='bbox 510 1049 563 1127; x_wconf 88' lang='lat' dir='ltr'>sit,</span> <span class='ocrx_word' id='word_1_22' title='bbox 586 1072 664 1115; x_wconf 91' lang='lat' dir='ltr'>num</span> <span class='ocrx_word' id='word_1_23' title='bbox 684 1073 826 1135; x_wconf 89' lang='lat' dir='ltr'>unquam</span> <span class='ocrx_word' id='word_1_24' title='bbox 845 1050 1018 1115; x_wconf 88' lang='lat' dir='ltr'>liberorum</span> <span class='ocrx_word' id='word_1_25' title='bbox 1035 1060 1130 1115; x_wconf 83' lang='lat' dir='ltr'>uatu-</span> 
     </span>
    </p>
   </div>
   <div class='ocr_carea' id='block_1_5' title="bbox 2 1180 1129 1298">
    <p class='ocr_par' dir='ltr' id='par_1_5' title="bbox 2 1180 1129 1298">
     <span class='ocr_line' id='line_1_5' title="bbox 2 1180 1129 1298; baseline 0.006 -56"><span class='ocrx_word' id='word_1_26' title='bbox 2 1237 3 1298; x_wconf 75' lang='grc'><strong>,</strong></span> <span class='ocrx_word' id='word_1_27' title='bbox 113 1180 233 1244; x_wconf 81' lang='lat' dir='ltr'>talium</span> <span class='ocrx_word' id='word_1_28' title='bbox 262 1181 405 1267; x_wconf 83' lang='lat' dir='ltr'>legitima</span> <span class='ocrx_word' id='word_1_29' title='bbox 437 1191 559 1246; x_wconf 85' lang='lat' dir='ltr'>exstare</span> <span class='ocrx_word' id='word_1_30' title='bbox 591 1192 686 1266; x_wconf 91' lang='lat' dir='ltr'>queat</span> <span class='ocrx_word' id='word_1_31' title='bbox 711 1182 821 1248; x_wconf 89' lang='lat' dir='ltr'>tutela.</span> <span class='ocrx_word' id='word_1_32' title='bbox 861 1181 1023 1265; x_wconf 79' lang='lat' dir='ltr'><strong>Quoniam</strong></span> <span class='ocrx_word' id='word_1_33' title='bbox 1053 1204 1129 1249; x_wconf 87' lang='lat' dir='ltr'>vero</span> 
     </span>
    </p>
   </div>
   <div class='ocr_carea' id='block_1_6' title="bbox 2 1314 1129 1403">
    <p class='ocr_par' dir='ltr' id='par_1_6' title="bbox 2 1314 1129 1403">
     <span class='ocr_line' id='line_1_6' title="bbox 2 1314 1129 1403; baseline 0.003 -26"><span class='ocrx_word' id='word_1_34' title='bbox 2 1339 3 1342; x_wconf 43' lang='lat'>¹</span> <span class='ocrx_word' id='word_1_35' title='bbox 109 1314 199 1399; x_wconf 91' lang='lat' dir='ltr'>apud</span> <span class='ocrx_word' id='word_1_36' title='bbox 230 1337 305 1396; x_wconf 87' lang='lat' dir='ltr'>nos,</span> <span class='ocrx_word' id='word_1_37' title='bbox 342 1324 379 1378; x_wconf 88' lang='lat' dir='ltr'>ut</span> <span class='ocrx_word' id='word_1_38' title='bbox 410 1337 507 1401; x_wconf 88' lang='lat' dir='ltr'>supra</span> <span class='ocrx_word' id='word_1_39' title='bbox 528 1316 744 1402; x_wconf 84' lang='lat' dir='ltr'>expositum²,</span> <span class='ocrx_word' id='word_1_40' title='bbox 769 1316 905 1401; x_wconf 86' lang='lat' dir='ltr'>positiva</span> <span class='ocrx_word' id='word_1_41' title='bbox 926 1314 1129 1403; x_wconf 84' lang='lat' dir='ltr'>dispositione</span> 
     </span>
    </p>
   </div>
   <div class='ocr_carea' id='block_1_7' title="bbox 2 1442 1128 1534">
    <p class='ocr_par' dir='ltr' id='par_1_7' title="bbox 2 1442 1128 1534">
     <span class='ocr_line' id='line_1_7' title="bbox 2 1442 1128 1534; baseline 0.004 -27"><span class='ocrx_word' id='word_1_42' title='bbox 2 1531 3 1534; x_wconf 8' lang='grc' dir='ltr'><strong>Ἴ</strong></span> <span class='ocrx_word' id='word_1_43' title='bbox 110 1442 173 1508; x_wconf 86' lang='lat' dir='ltr'>hac</span> <span class='ocrx_word' id='word_1_44' title='bbox 205 1444 245 1509; x_wconf 91' lang='lat' dir='ltr'>de</span> <span class='ocrx_word' id='word_1_45' title='bbox 272 1468 307 1509; x_wconf 89' lang='lat' dir='ltr'>re</span> <span class='ocrx_word' id='word_1_46' title='bbox 329 1446 520 1512; x_wconf 85' lang='lat' dir='ltr'>incertitudo</span> <span class='ocrx_word' id='word_1_47' title='bbox 541 1447 675 1525; x_wconf 91' lang='lat' dir='ltr'>tollitur,</span> <span class='ocrx_word' id='word_1_48' title='bbox 701 1448 806 1533; x_wconf 90' lang='lat' dir='ltr'>potius</span> <span class='ocrx_word' id='word_1_49' title='bbox 829 1458 952 1516; x_wconf 89' lang='lat' dir='ltr'>nostros</span> <span class='ocrx_word' id='word_1_50' title='bbox 973 1447 1128 1533; x_wconf 86' lang='lat' dir='ltr'>interpro-</span> 
     </span>
    </p>
   </div>
   <div class='ocr_carea' id='block_1_8' title="bbox 2 1576 1131 1667">
    <p class='ocr_par' dir='ltr' id='par_1_8' title="bbox 2 1576 1131 1667">
     <span class='ocr_line' id='line_1_8' title="bbox 2 1576 1131 1667; baseline 0.003 -27"><span class='ocrx_word' id='word_1_51' title='bbox 2 1608 3 1614; x_wconf 43' lang='lat'>.</span> <span class='ocrx_word' id='word_1_52' title='bbox 110 1576 247 1641; x_wconf 81' lang='lat' dir='ltr'>tandum</span> <span class='ocrx_word' id='word_1_53' title='bbox 281 1576 391 1656; x_wconf 83' lang='lat' dir='ltr'>ICtos,</span> <span class='ocrx_word' id='word_1_54' title='bbox 427 1580 483 1662; x_wconf 92' lang='lat' dir='ltr'>qui</span> <span class='ocrx_word' id='word_1_55' title='bbox 513 1580 617 1667; x_wconf 82' lang='lat' dir='ltr'>magis</span> <span class='ocrx_word' id='word_1_56' title='bbox 649 1578 775 1658; x_wconf 81' lang='lat' dir='ltr'>Codicis</span> <span class='ocrx_word' id='word_1_57' title='bbox 808 1580 907 1644; x_wconf 84' lang='lat' dir='ltr'>nostri</span> <span class='ocrx_word' id='word_1_58' title='bbox 937 1579 1005 1665; x_wconf 85' lang='lat' dir='ltr'>ipsa</span> <span class='ocrx_word' id='word_1_59' title='bbox 1031 1578 1131 1644; x_wconf 87' lang='lat' dir='ltr'>verba</span> 
     </span>
    </p>
   </div>
   <div class='ocr_carea' id='block_1_9' title="bbox 111 1709 1130 1796">
    <p class='ocr_par' dir='ltr' id='par_1_9' title="bbox 111 1709 1130 1796">
     <span class='ocr_line' id='line_1_9' title="bbox 111 1709 1130 1796; baseline 0.002 -23"><span class='ocrx_word' id='word_1_60' title='bbox 111 1709 306 1774; x_wconf 85' lang='lat' dir='ltr'>excutiundo</span> <span class='ocrx_word' id='word_1_61' title='bbox 328 1710 413 1774; x_wconf 85' lang='lat' dir='ltr'>hanc</span> <span class='ocrx_word' id='word_1_62' title='bbox 434 1720 571 1775; x_wconf 71' lang='lat' dir='ltr'>mactant</span> <span class='ocrx_word' id='word_1_63' title='bbox 593 1712 820 1795; x_wconf 89' lang='lat' dir='ltr'>quaestionem.</span> <span class='ocrx_word' id='word_1_64' title='bbox 855 1710 926 1777; x_wconf 87' lang='lat' dir='ltr'>Nisi</span> <span class='ocrx_word' id='word_1_65' title='bbox 949 1711 1034 1775; x_wconf 86' lang='lat' dir='ltr'>enirn</span> <span class='ocrx_word' id='word_1_66' title='bbox 1054 1709 1130 1796; x_wconf 88' lang='lat' dir='ltr'>ipsis</span> 
     </span>
    </p>
   </div>
   <div class='ocr_carea' id='block_1_10' title="bbox 110 1836 1168 2169">
    <p class='ocr_par' dir='ltr' id='par_1_10' title="bbox 110 1836 1168 2169">
     <span class='ocr_line' id='line_1_10' title="bbox 110 1836 1129 1929; baseline 0 -28"><span class='ocrx_word' id='word_1_67' title='bbox 110 1836 192 1924; x_wconf 85' lang='lat' dir='ltr'>legis</span> <span class='ocrx_word' id='word_1_68' title='bbox 226 1837 331 1902; x_wconf 79' lang='lat' dir='ltr'>verbis</span> <span class='ocrx_word' id='word_1_69' title='bbox 359 1837 615 1929; x_wconf 78' lang='lat' dir='ltr'>interpretandis,</span> <span class='ocrx_word' id='word_1_70' title='bbox 650 1838 711 1903; x_wconf 83' lang='lat' dir='ltr'>hae</span> <span class='ocrx_word' id='word_1_71' title='bbox 739 1837 778 1903; x_wconf 86' lang='lat' dir='ltr'>de</span> <span class='ocrx_word' id='word_1_72' title='bbox 800 1860 835 1903; x_wconf 91' lang='lat' dir='ltr'>re</span> <span class='ocrx_word' id='word_1_73' title='bbox 857 1837 1034 1903; x_wconf 85' lang='lat' dir='ltr'>absolutam</span> <span class='ocrx_word' id='word_1_74' title='bbox 1055 1858 1129 1922; x_wconf 92' lang='lat' dir='ltr'>pro-</span> 
     </span>
     <span class='ocr_line' id='line_1_11' title="bbox 112 1968 1126 2059; baseline 0 -26"><span class='ocrx_word' id='word_1_75' title='bbox 112 1968 196 2035; x_wconf 83' lang='lat' dir='ltr'>ferre</span> <span class='ocrx_word' id='word_1_76' title='bbox 226 1969 381 2055; x_wconf 90' lang='lat' dir='ltr'>possimus</span> <span class='ocrx_word' id='word_1_77' title='bbox 413 1969 616 2049; x_wconf 82' lang='lat' dir='ltr'>decisionem,</span> <span class='ocrx_word' id='word_1_78' title='bbox 641 1972 787 2059; x_wconf 84' lang='lat' dir='ltr'>negando</span> <span class='ocrx_word' id='word_1_79' title='bbox 810 1971 952 2035; x_wconf 86' lang='lat' dir='ltr'>solvatur</span> <span class='ocrx_word' id='word_1_80' title='bbox 973 1969 1126 2054; x_wconf 85' lang='lat' dir='ltr'>quaestio,</span> 
     </span>
     <span class='ocr_line' id='line_1_12' title="bbox 112 2098 1168 2169; baseline 0.005 -6"><span class='ocrx_word' id='word_1_81' title='bbox 112 2122 241 2165; x_wconf 89' lang='lat' dir='ltr'>neoesse</span> <span class='ocrx_word' id='word_1_82' title='bbox 272 2101 343 2167; x_wconf 91' lang='lat' dir='ltr'>erit.</span> <span class='ocrx_word' id='word_1_83' title='bbox 392 2098 536 2167; x_wconf 91' lang='lat' dir='ltr'>Omnino</span> <span class='ocrx_word' id='word_1_84' title='bbox 568 2103 653 2168; x_wconf 89' lang='lat' dir='ltr'>enim</span> <span class='ocrx_word' id='word_1_85' title='bbox 685 2104 741 2167; x_wconf 88' lang='lat' dir='ltr'>illa</span> <span class='ocrx_word' id='word_1_86' title='bbox 779 2113 964 2169; x_wconf 84' lang='lat' dir='ltr'>testamento</span> <span class='ocrx_word' id='word_1_87' title='bbox 991 2112 1130 2167; x_wconf 88' lang='lat' dir='ltr'>tutorem</span> <span class='ocrx_word' id='word_1_88' title='bbox 1165 2118 1168 2125; x_wconf 85' lang='lat'>&#39;</span> 
     </span>
    </p>
   </div>
   <div class='ocr_carea' id='block_1_11' title="bbox 113 2206 1129 2322">
    <p class='ocr_par' dir='ltr' id='par_1_11' title="bbox 113 2206 1129 2322">
     <span class='ocr_line' id='line_1_13' title="bbox 113 2206 1129 2322; baseline 0 -25"><span class='ocrx_word' id='word_1_89' title='bbox 113 2232 212 2297; x_wconf 85' lang='lat' dir='ltr'>dandi</span> <span class='ocrx_word' id='word_1_90' title='bbox 235 2206 368 2299; x_wconf 68' lang='lat' dir='ltr'>fatuitas</span> <span class='ocrx_word' id='word_1_91' title='bbox 390 2258 456 2300; x_wconf 85' lang='lat' dir='ltr'>una</span> <span class='ocrx_word' id='word_1_92' title='bbox 467 2236 612 2301; x_wconf 83' lang='lat' dir='ltr'>civilium</span> <span class='ocrx_word' id='word_1_93' title='bbox 623 2237 744 2322; x_wconf 86' lang='lat' dir='ltr'>patriae</span> <span class='ocrx_word' id='word_1_94' title='bbox 756 2236 918 2321; x_wconf 88' lang='lat' dir='ltr'>potestatis</span> <span class='ocrx_word' id='word_1_95' title='bbox 930 2234 1129 2318; x_wconf 84' lang='lat' dir='ltr'>sequelarum</span> 
     </span>
    </p>
   </div>
   <div class='ocr_carea' id='block_1_12' title="bbox 2 2366 1129 2454">
    <p class='ocr_par' dir='ltr' id='par_1_12' title="bbox 2 2366 1129 2454">
     <span class='ocr_line' id='line_1_14' title="bbox 2 2366 1129 2454; baseline 0 -23"><span class='ocrx_word' id='word_1_96' title='bbox 2 2382 3 2388; x_wconf 77' lang='grc'>’</span> <span class='ocrx_word' id='word_1_97' title='bbox 111 2366 176 2431; x_wconf 82' lang='lat' dir='ltr'>dini</span> <span class='ocrx_word' id='word_1_98' title='bbox 197 2377 313 2453; x_wconf 86' lang='lat' dir='ltr'>potest,</span> <span class='ocrx_word' id='word_1_99' title='bbox 338 2391 433 2454; x_wconf 90' lang='lat' dir='ltr'>quam</span> <span class='ocrx_word' id='word_1_100' title='bbox 456 2370 598 2447; x_wconf 88' lang='lat' dir='ltr'>minime,</span> <span class='ocrx_word' id='word_1_101' title='bbox 623 2370 680 2446; x_wconf 91' lang='lat' dir='ltr'>ubi</span> <span class='ocrx_word' id='word_1_102' title='bbox 699 2370 805 2454; x_wconf 88' lang='lat' dir='ltr'>justae</span> <span class='ocrx_word' id='word_1_103' title='bbox 828 2390 893 2433; x_wconf 91' lang='lat' dir='ltr'>non</span> <span class='ocrx_word' id='word_1_104' title='bbox 916 2367 1032 2433; x_wconf 84' lang='lat' dir='ltr'>adsunt</span> <span class='ocrx_word' id='word_1_105' title='bbox 1046 2389 1129 2454; x_wconf 91' lang='lat' dir='ltr'>nup-</span> 
     </span>
    </p>
   </div>
   <div class='ocr_carea' id='block_1_13' title="bbox 0 2397 2 3764">
    <p class='ocr_par' dir='ltr' id='par_1_13' title="bbox 0 2397 2 3764">
     <span class='ocr_line' id='line_1_15' title="bbox 0 2397 2 3764; baseline 0 0"><span class='ocrx_word' id='word_1_106' title='bbox 0 2397 2 3764; x_wconf 95' lang='lat' dir='ltr'> </span> 
     </span>
    </p>
   </div>
   <div class='ocr_carea' id='block_1_14' title="bbox 0 4127 2 4927">
    <p class='ocr_par' dir='ltr' id='par_1_14' title="bbox 0 4127 2 4927">
     <span class='ocr_line' id='line_1_16' title="bbox 0 4127 2 4927; baseline 0 0"><span class='ocrx_word' id='word_1_107' title='bbox 0 4127 2 4927; x_wconf 95' lang='lat' dir='ltr'> </span> 
     </span>
    </p>
   </div>
   <div class='ocr_carea' id='block_1_15' title="bbox 89 2496 1131 2715">
    <p class='ocr_par' dir='ltr' id='par_1_15' title="bbox 89 2496 1131 2715">
     <span class='ocr_line' id='line_1_17' title="bbox 111 2496 1131 2584; baseline 0.003 -24"><span class='ocrx_word' id='word_1_108' title='bbox 111 2496 187 2575; x_wconf 81' lang='lat' dir='ltr'>tiae,</span> <span class='ocrx_word' id='word_1_109' title='bbox 213 2497 380 2580; x_wconf 87' lang='lat' dir='ltr'>aequitatis</span> <span class='ocrx_word' id='word_1_110' title='bbox 401 2506 527 2563; x_wconf 89' lang='lat' dir='ltr'>tantum</span> <span class='ocrx_word' id='word_1_111' title='bbox 541 2499 664 2563; x_wconf 89' lang='lat' dir='ltr'>ratione</span> <span class='ocrx_word' id='word_1_112' title='bbox 690 2497 871 2584; x_wconf 80' lang='lat' dir='ltr'>adjudicare</span> <span class='ocrx_word' id='word_1_113' title='bbox 882 2497 968 2563; x_wconf 88' lang='lat' dir='ltr'>licet.</span> <span class='ocrx_word' id='word_1_114' title='bbox 994 2497 1131 2563; x_wconf 85' lang='lat' dir='ltr'>Ratione</span> 
     </span>
     <span class='ocr_line' id='line_1_18' title="bbox 89 2628 1130 2715; baseline -0.002 -21"><span class='ocrx_word' id='word_1_115' title='bbox 89 2629 179 2694; x_wconf 81' lang='lat' dir='ltr'>sola</span> <span class='ocrx_word' id='word_1_116' title='bbox 208 2629 234 2693; x_wconf 92' lang='lat' dir='ltr'>si</span> <span class='ocrx_word' id='word_1_117' title='bbox 256 2639 403 2706; x_wconf 84' lang='lat' dir='ltr'>utamur,</span> <span class='ocrx_word' id='word_1_118' title='bbox 427 2629 505 2714; x_wconf 90' lang='lat' dir='ltr'>quid</span> <span class='ocrx_word' id='word_1_119' title='bbox 527 2630 671 2713; x_wconf 90' lang='lat' dir='ltr'>aequius,</span> <span class='ocrx_word' id='word_1_120' title='bbox 696 2652 792 2713; x_wconf 85' lang='lat' dir='ltr'>quam</span> <span class='ocrx_word' id='word_1_121' title='bbox 815 2630 871 2714; x_wconf 90' lang='lat' dir='ltr'>qui</span> <span class='ocrx_word' id='word_1_122' title='bbox 893 2628 1036 2693; x_wconf 87' lang='lat' dir='ltr'>viventes</span> <span class='ocrx_word' id='word_1_123' title='bbox 1059 2628 1130 2715; x_wconf 85' lang='lat' dir='ltr'>legs</span> 
     </span>
    </p>
   </div>
   <div class='ocr_carea' id='block_1_16' title="bbox 110 2758 1130 2849">
    <p class='ocr_par' dir='ltr' id='par_1_16' title="bbox 110 2758 1130 2849">
     <span class='ocr_line' id='line_1_19' title="bbox 110 2758 1130 2849; baseline -0.002 -23"><span class='ocrx_word' id='word_1_124' title='bbox 110 2762 301 2827; x_wconf 81' lang='lat' dir='ltr'>auctoritate</span> <span class='ocrx_word' id='word_1_125' title='bbox 329 2772 404 2827; x_wconf 89' lang='lat' dir='ltr'>sunt</span> <span class='ocrx_word' id='word_1_126' title='bbox 436 2758 571 2849; x_wconf 82' lang='lat' dir='ltr'>prae&#39;diti</span> <span class='ocrx_word' id='word_1_127' title='bbox 600 2772 780 2849; x_wconf 88' lang='lat' dir='ltr'>praesentes</span> <span class='ocrx_word' id='word_1_128' title='bbox 810 2763 875 2826; x_wconf 90' lang='lat' dir='ltr'>suis</span> <span class='ocrx_word' id='word_1_129' title='bbox 905 2760 1069 2826; x_wconf 83' lang='lat' dir='ltr'>consulere</span> <span class='ocrx_word' id='word_1_130' title='bbox 1091 2761 1130 2824; x_wconf 92' lang='lat' dir='ltr'>li-</span> 
     </span>
    </p>
   </div>
   <div class='ocr_carea' id='block_1_17' title="bbox 108 2882 1251 2981">
    <p class='ocr_par' dir='ltr' id='par_1_17' title="bbox 108 2882 1251 2981">
     <span class='ocr_line' id='line_1_20' title="bbox 108 2882 1251 2981; baseline 0.001 -23"><span class='ocrx_word' id='word_1_131' title='bbox 108 2894 207 2971; x_wconf 88' lang='lat' dir='ltr'>beris,</span> <span class='ocrx_word' id='word_1_132' title='bbox 243 2895 338 2958; x_wconf 89' lang='lat' dir='ltr'>etiam</span> <span class='ocrx_word' id='word_1_133' title='bbox 369 2917 467 2981; x_wconf 89' lang='lat' dir='ltr'>penes</span> <span class='ocrx_word' id='word_1_134' title='bbox 500 2918 553 2959; x_wconf 89' lang='lat' dir='ltr'>eos</span> <span class='ocrx_word' id='word_1_135' title='bbox 575 2916 633 2981; x_wconf 93' lang='lat' dir='ltr'>pro</span> <span class='ocrx_word' id='word_1_136' title='bbox 656 2904 796 2980; x_wconf 87' lang='lat' dir='ltr'>tempore</span> <span class='ocrx_word' id='word_1_137' title='bbox 818 2894 927 2959; x_wconf 87' lang='lat' dir='ltr'>mortis</span> <span class='ocrx_word' id='word_1_138' title='bbox 957 2894 1129 2959; x_wconf 89' lang='lat' dir='ltr'>liberorum</span> <span class='ocrx_word' id='word_1_139' title='bbox 1248 2882 1251 2893; x_wconf 52' lang='lat'><em>¹</em></span> 
     </span>
    </p>
   </div>
   <div class='ocr_carea' id='block_1_18' title="bbox 109 3090 1132 3815">
    <p class='ocr_par' dir='ltr' id='par_1_18' title="bbox 109 3090 1132 3815">
     <span class='ocr_line' id='line_1_21' title="bbox 149 3090 1128 3163; baseline -0.002 -16"><span class='ocrx_word' id='word_1_140' title='bbox 149 3093 342 3147; x_wconf 84' lang='lat' dir='ltr'>¹Affirmant:</span> <span class='ocrx_word' id='word_1_141' title='bbox 371 3108 561 3161; x_wconf 65' lang='lat' dir='ltr'>zanunim,</span> <span class='ocrx_word' id='word_1_142' title='bbox 592 3092 660 3161; x_wconf 91' lang='lat'>111,</span> <span class='ocrx_word' id='word_1_143' title='bbox 689 3095 704 3161; x_wconf 67' lang='grc' dir='ltr'><strong>ξ</strong></span> <span class='ocrx_word' id='word_1_144' title='bbox 732 3099 803 3161; x_wconf 81' lang='grc'><strong>571,</strong></span> <span class='ocrx_word' id='word_1_145' title='bbox 835 3112 863 3163; x_wconf 91' lang='lat' dir='ltr'>p.</span> <span class='ocrx_word' id='word_1_146' title='bbox 897 3098 959 3147; x_wconf 80' lang='lat'>434.</span> <span class='ocrx_word' id='word_1_147' title='bbox 988 3090 1128 3162; x_wconf 79' lang='lat' dir='ltr'>Regtsgel.</span> 
     </span>
     <span class='ocr_line' id='line_1_22' title="bbox 109 3185 1130 3258; baseline -0.005 -16"><span class='ocrx_word' id='word_1_148' title='bbox 109 3187 197 3258; x_wconf 86' lang='lat' dir='ltr'>Bijbl.</span> <span class='ocrx_word' id='word_1_149' title='bbox 216 3186 273 3254; x_wconf 92' lang='lat' dir='ltr'>III,</span> <span class='ocrx_word' id='word_1_150' title='bbox 301 3204 330 3257; x_wconf 89' lang='lat' dir='ltr'>p.</span> <span class='ocrx_word' id='word_1_151' title='bbox 357 3192 419 3255; x_wconf 80' lang='grc'><strong>878,</strong></span> <span class='ocrx_word' id='word_1_152' title='bbox 450 3192 527 3241; x_wconf 82' lang='grc'><strong>1841.</strong></span> <span class='ocrx_word' id='word_1_153' title='bbox 565 3191 721 3255; x_wconf 73' lang='lat' dir='ltr'>sentimur,</span> <span class='ocrx_word' id='word_1_154' title='bbox 751 3188 786 3241; x_wconf 81' lang='lat' dir='ltr'>ud</span> <span class='ocrx_word' id='word_1_155' title='bbox 815 3186 878 3241; x_wconf 77' lang='lat' dir='ltr'>nrt.</span> <span class='ocrx_word' id='word_1_156' title='bbox 899 3192 950 3245; x_wconf 81' lang='grc'>409,</span> <span class='ocrx_word' id='word_1_157' title='bbox 970 3186 1001 3242; x_wconf 83' lang='lat' dir='ltr'>C.</span> <span class='ocrx_word' id='word_1_158' title='bbox 1023 3185 1054 3240; x_wconf 83' lang='lat' dir='ltr'>O.</span> <span class='ocrx_word' id='word_1_159' title='bbox 1092 3200 1130 3237; x_wconf 82' lang='lat' dir='ltr'>nn</span> 
     </span>
     <span class='ocr_line' id='line_1_23' title="bbox 109 3278 1130 3347; baseline -0.005 -13"><span class='ocrx_word' id='word_1_160' title='bbox 109 3296 252 3347; x_wconf 70' lang='lat' dir='ltr'>murmur,</span> <span class='ocrx_word' id='word_1_161' title='bbox 272 3281 308 3332; x_wconf 85' lang='lat' dir='ltr'>ad</span> <span class='ocrx_word' id='word_1_162' title='bbox 325 3280 386 3333; x_wconf 81' lang='lat' dir='ltr'>Art.</span> <span class='ocrx_word' id='word_1_163' title='bbox 409 3285 461 3333; x_wconf 81' lang='lat'>420</span> <span class='ocrx_word' id='word_1_164' title='bbox 481 3279 512 3335; x_wconf 83' lang='lat' dir='ltr'>C.</span> <span class='ocrx_word' id='word_1_165' title='bbox 537 3279 570 3334; x_wconf 83' lang='lat' dir='ltr'>C.</span> <span class='ocrx_word' id='word_1_166' title='bbox 588 3295 737 3347; x_wconf 80' lang='lat' dir='ltr'>nurmro,</span> <span class='ocrx_word' id='word_1_167' title='bbox 757 3279 825 3347; x_wconf 73' lang='lat'>11‚§</span> <span class='ocrx_word' id='word_1_168' title='bbox 845 3284 907 3346; x_wconf 75' lang='lat'>253,</span> <span class='ocrx_word' id='word_1_169' title='bbox 927 3283 989 3333; x_wconf 80' lang='lat'>254.</span> <span class='ocrx_word' id='word_1_170' title='bbox 1008 3278 1130 3347; x_wconf 85' lang='lat' dir='ltr'>Negant:</span> 
     </span>
     <span class='ocr_line' id='line_1_24' title="bbox 112 3372 1131 3441; baseline -0.006 -12"><span class='ocrx_word' id='word_1_171' title='bbox 112 3389 305 3439; x_wconf 78' lang='lat' dir='ltr'>onnonomnn,</span> <span class='ocrx_word' id='word_1_172' title='bbox 326 3372 409 3440; x_wconf 87' lang='lat' dir='ltr'>VIII,</span> <span class='ocrx_word' id='word_1_173' title='bbox 430 3382 473 3426; x_wconf 90' lang='lat' dir='ltr'>u⁰.</span> <span class='ocrx_word' id='word_1_174' title='bbox 494 3379 556 3427; x_wconf 82' lang='lat'>386.</span> <span class='ocrx_word' id='word_1_175' title='bbox 593 3389 776 3436; x_wconf 75' lang='lat' dir='ltr'>nucnunnor,</span> <span class='ocrx_word' id='word_1_176' title='bbox 796 3373 821 3439; x_wconf 87' lang='grc' dir='ltr'>Ι,</span> <span class='ocrx_word' id='word_1_177' title='bbox 842 3390 884 3425; x_wconf 78' lang='lat' dir='ltr'>no.</span> <span class='ocrx_word' id='word_1_178' title='bbox 914 3377 964 3424; x_wconf 71' lang='grc'>885</span> <span class='ocrx_word' id='word_1_179' title='bbox 984 3376 1131 3441; x_wconf 80' lang='lat' dir='ltr'>omnesque</span> 
     </span>
     <span class='ocr_line' id='line_1_25' title="bbox 113 3465 1132 3539; baseline -0.004 -18"><span class='ocrx_word' id='word_1_180' title='bbox 113 3466 165 3539; x_wconf 88' lang='lat' dir='ltr'>qui</span> <span class='ocrx_word' id='word_1_181' title='bbox 193 3466 308 3520; x_wconf 75' lang='lat' dir='ltr'>tutelam</span> <span class='ocrx_word' id='word_1_182' title='bbox 327 3483 432 3536; x_wconf 87' lang='lat' dir='ltr'>semper</span> <span class='ocrx_word' id='word_1_183' title='bbox 458 3467 579 3519; x_wconf 80' lang='lat' dir='ltr'>dativum</span> <span class='ocrx_word' id='word_1_184' title='bbox 596 3465 743 3519; x_wconf 85' lang='lat' dir='ltr'>liberorum</span> <span class='ocrx_word' id='word_1_185' title='bbox 764 3465 927 3518; x_wconf 77' lang='lat' dir='ltr'>naturalium</span> <span class='ocrx_word' id='word_1_186' title='bbox 949 3481 1003 3517; x_wconf 89' lang='lat' dir='ltr'>esse</span> <span class='ocrx_word' id='word_1_187' title='bbox 1022 3470 1132 3517; x_wconf 85' lang='lat' dir='ltr'>conten·</span> 
     </span>
     <span class='ocr_line' id='line_1_26' title="bbox 115 3555 1131 3632; baseline -0.008 -18"><span class='ocrx_word' id='word_1_188' title='bbox 115 3562 197 3628; x_wconf 87' lang='lat' dir='ltr'>duut;</span> <span class='ocrx_word' id='word_1_189' title='bbox 219 3558 305 3632; x_wconf 89' lang='lat' dir='ltr'>(Vide</span> <span class='ocrx_word' id='word_1_190' title='bbox 323 3575 413 3629; x_wconf 86' lang='lat' dir='ltr'>supra,</span> <span class='ocrx_word' id='word_1_191' title='bbox 433 3558 506 3612; x_wconf 78' lang='lat' dir='ltr'>Soet.</span> <span class='ocrx_word' id='word_1_192' title='bbox 525 3558 566 3625; x_wconf 90' lang='lat'>11,</span> <span class='ocrx_word' id='word_1_193' title='bbox 586 3561 641 3626; x_wconf 69' lang='lat'>51,</span> <span class='ocrx_word' id='word_1_194' title='bbox 655 3576 683 3627; x_wconf 91' lang='lat' dir='ltr'>p.</span> <span class='ocrx_word' id='word_1_195' title='bbox 705 3563 749 3625; x_wconf 87' lang='grc'>41,</span> <span class='ocrx_word' id='word_1_196' title='bbox 775 3574 821 3611; x_wconf 92' lang='lat' dir='ltr'>no.</span> <span class='ocrx_word' id='word_1_197' title='bbox 832 3558 874 3624; x_wconf 87' lang='lat'>4.)</span> <span class='ocrx_word' id='word_1_198' title='bbox 893 3555 1032 3625; x_wconf 85' lang='lat' dir='ltr'>Regtsgel.</span> <span class='ocrx_word' id='word_1_199' title='bbox 1045 3555 1131 3627; x_wconf 87' lang='lat' dir='ltr'>Bijbl.</span> 
     </span>
     <span class='ocr_line' id='line_1_27' title="bbox 115 3647 1130 3719; baseline -0.003 -15"><span class='ocrx_word' id='word_1_200' title='bbox 115 3649 176 3719; x_wconf 90' lang='lat'>111,</span> <span class='ocrx_word' id='word_1_201' title='bbox 202 3654 281 3717; x_wconf 84' lang='grc'><strong>1841,</strong></span> <span class='ocrx_word' id='word_1_202' title='bbox 308 3666 337 3719; x_wconf 91' lang='lat' dir='ltr'>p.</span> <span class='ocrx_word' id='word_1_203' title='bbox 357 3653 419 3701; x_wconf 82' lang='grc'><strong>417.</strong></span> <span class='ocrx_word' id='word_1_204' title='bbox 457 3666 485 3703; x_wconf 85' lang='lat' dir='ltr'>r.</span> <span class='ocrx_word' id='word_1_205' title='bbox 507 3650 600 3719; x_wconf 66' lang='lat' dir='ltr'>mund,</span> <span class='ocrx_word' id='word_1_206' title='bbox 626 3650 655 3703; x_wconf 96' lang='lat' dir='ltr'>in</span> <span class='ocrx_word' id='word_1_207' title='bbox 672 3651 783 3705; x_wconf 82' lang='lat' dir='ltr'>Handb.</span> <span class='ocrx_word' id='word_1_208' title='bbox 815 3666 883 3703; x_wconf 86' lang='lat' dir='ltr'>voor</span> <span class='ocrx_word' id='word_1_209' title='bbox 908 3647 1075 3715; x_wconf 85' lang='lat' dir='ltr'>Notarissen,</span> <span class='ocrx_word' id='word_1_210' title='bbox 1105 3648 1130 3715; x_wconf 89' lang='grc' dir='ltr'>Ι,</span> 
     </span>
     <span class='ocr_line' id='line_1_28' title="bbox 114 3749 238 3815; baseline -0.008 -19"><span class='ocrx_word' id='word_1_211' title='bbox 114 3762 146 3815; x_wconf 94' lang='lat' dir='ltr'>p.</span> <span class='ocrx_word' id='word_1_212' title='bbox 177 3749 238 3797; x_wconf 78' lang='lat'>135.</span> 
     </span>
    </p>
   </div>
   <div class='ocr_carea' id='block_1_19' title="bbox 157 3857 739 3931">
    <p class='ocr_par' dir='ltr' id='par_1_19' title="bbox 157 3857 739 3931">
     <span class='ocr_line' id='line_1_29' title="bbox 157 3857 739 3931; baseline 0.007 -20"><span class='ocrx_word' id='word_1_213' title='bbox 157 3864 168 3898; x_wconf 83' lang='lat'>²</span> <span class='ocrx_word' id='word_1_214' title='bbox 190 3860 263 3919; x_wconf 69' lang='lat' dir='ltr'>sect.</span> <span class='ocrx_word' id='word_1_215' title='bbox 282 3857 323 3924; x_wconf 94' lang='grc' dir='ltr'>ΙΙ,</span> <span class='ocrx_word' id='word_1_216' title='bbox 343 3864 358 3927; x_wconf 69' lang='lat'><strong>5</strong></span> <span class='ocrx_word' id='word_1_217' title='bbox 379 3867 415 3927; x_wconf 86' lang='lat'>1.‚</span> <span class='ocrx_word' id='word_1_218' title='bbox 435 3878 498 3931; x_wconf 82' lang='lat' dir='ltr'>pag.</span> <span class='ocrx_word' id='word_1_219' title='bbox 518 3865 633 3916; x_wconf 69' lang='lat'>42-43.</span> <span class='ocrx_word' id='word_1_220' title='bbox 735 3885 739 3891; x_wconf 92' lang='lat'>·</span> 
     </span>
    </p>
   </div>
   <div class='ocr_carea' id='block_1_20' title="bbox 0 0 1396 5092">
    <p class='ocr_par' dir='ltr' id='par_1_20' title="bbox 0 0 1396 5092">
     <span class='ocr_line' id='line_1_30' title="bbox 0 0 1396 5092; baseline 0 0"><span class='ocrx_word' id='word_1_221' title='bbox 0 0 1396 5092; x_wconf 95' lang='lat' dir='ltr'> </span> 
     </span>
    </p>
   </div>
  </div>
 </body>
</html>
