2784 5092
711 476 805 591 80*

238 745 381 831 subjecta
412 746 481 811 scil.
510 746 657 835 materia)
680 746 805 811 easdem
837 746 972 833 imponit
1004 769 1081 835 erga
1114 761 1265 835 parentes

238 880 343 945 officia
381 890 413 945 et
441 880 625 967 parentibus
662 881 697 944 in
729 880 844 946 liberos
892 881 1052 947 naturales
1085 886 1265 951 exercenda

238 1012 351 1077 tribuit
377 1012 464 1097 jura,
497 1035 577 1096 quae
610 1011 768 1099 legitimos
805 1022 951 1097 parentes
984 1015 1068 1079 inter
1090 1024 1123 1081 et
1143 1015 1265 1082 liberos

237 1146 484 1209 constituuntur.
512 1143 619 1232 (Artt.
647 1145 824 1210 353—360
845 1144 885 1211 C.
911 1145 972 1231 (l.)

281 1278 354 1343 Hoc
386 1277 574 1365 legislatoris
597 1277 692 1356 facto,
718 1301 781 1363 quo
803 1278 872 1363 ejus
894 1279 1042 1345 voluntas
1064 1291 1102 1344 ut
1124 1280 1186 1346 hac
1218 1282 1262 1348 de

235 1433 271 1477 re
293 1411 414 1489 saltem,
440 1410 517 1495 quid
539 1432 616 1497 erga
633 1411 748 1475 liberos
770 1378 930 1475 naturales
950 1411 991 1475 sit
1008 1412 1104 1496 juris,
1129 1413 1261 1479 nullum

235 1545 365 1610 exsistat
386 1544 531 1621 dubium,
556 1544 721 1629 probatur,
746 1538 985 1630 adstringimur,
1010 1545 1067 1610 ubi
1101 1546 1171 1611 fieri
1199 1572 1260 1635 po-

237 1685 309 1755 test,
335 1677 404 1762 ipsa
417 1676 498 1762 legis
521 1677 611 1760 sequi
626 1650 735 1754 verba,
760 1698 863 1759 neque
885 1676 1040 1763 divagari,
1057 1679 1114 1743 ubi
1123 1652 1260 1747 tortasse

236 1810 379 1894 aequitas
399 1810 510 1873 stricta
532 1819 626 1893 atque
659 1832 736 1873 sana
763 1810 844 1873 ratio
861 1809 924 1874 alia
943 1811 1088 1876 suadent.

280 1941 408 2007 Patriae
429 1941 592 2028 potestatis
615 1941 760 2026 sequelae
789 1940 873 2007 circa
905 1966 1073 2029 personam
1095 1944 1260 2011 minorum

234 2075 269 2140 in
303 2075 458 2140 naturales
490 2084 522 2139 et
555 2074 652 2138 avias
683 2084 769 2139 recte
802 2074 955 2175 distingui
988 2087 1132 2162 possunt.
1180 2078 1261 2144 Illas

233 2208 375 2293 utrisque
422 2230 522 2291 aeque
565 2207 750 2293 parentibus
797 2205 937 2285 tradere,
974 2207 1043 2286 has,
1080 2220 1178 2295 prout
1207 2234 1261 2276 ra-

233 2333 335 2400 tiones
367 2334 399 2398 id
437 2335 600 2423 exigerent
620 2356 747 2423 graves,
783 2334 929 2400 alterutri
960 2346 1131 2421 parentum
1154 2339 1260 2426 magis

233 2466 411 2555 specialiter
444 2468 617 2533 attribuere
652 2467 763 2532 debuit
796 2466 969 2554 legislator.
1024 2466 1136 2549 Quum
1171 2473 1259 2537 enim

234 2602 329 2692 (Art.
367 2605 431 2669 353
455 2603 495 2669 C.
516 2604 589 2693 0.),
620 2627 702 2689 quae
735 2604 924 2668 naturaliter
956 2602 1084 2681 debent,
1119 2608 1259 2693 arisque

235 2750 394 2825 praestare
416 2739 553 2805 voluerit
574 2740 758 2826 parentibus
781 2738 903 2803 cultum
919 2748 1014 2824 atque
1042 2740 1258 2805 reverentiam

235 2851 362 2951 liberos;
376 2896 475 2957 quum
486 2874 584 2961 (Aa.
599 2876 675 2953 353,
690 2874 732 2938 al.
747 2878 766 2939 2
779 2873 819 2940 O.
835 2873 894 2963 C.)
906 2873 1024 2940 morale
1036 2875 1192 2954 officium,
1214 2876 1257 2940 li-

234 3007 326 3072 beros
348 3007 485 3071 minores
502 3006 620 3071 ¹alendi
648 3016 744 3089 atque
774 3004 930 3069 educandi
963 3009 1096 3093 atriaque
1129 3007 1258 3071 incum-

233 3141 308 3206 bere
328 3139 465 3204 voluerit
485 3139 681 3227 parentibuS,
708 3147 739 3203 et
761 3136 896 3220 denique
919 3137 1013 3224 (Art.
1041 3139 1106 3203 354
1125 3137 1167 3206 C.
1195 3138 1258 3228 C.)

233 3286 349 3339 natura
383 3275 535 3339 sancitam
560 3273 695 3360 patriam
737 3270 821 3359 (sive
837 3274 1023 3360 parentum)
1069 3282 1263 3359 potestatem

234 3411 368 3495 utrisque
398 3429 498 3492 aeque
527 3405 740 3506 commiserit,
769 3404 809 3469 de
835 3407 998 3471 exercenda
1020 3405 1125 3492 patria
1154 3415 1265 3493 potes-

233 3550 298 3605 tate
332 3542 424 3606 aliter
454 3551 591 3606 statuere
631 3549 716 3605 recte
751 3538 913 3626 cogitavit.
961 3538 1010 3605 Ut
1044 3537 1140 3603 saluti
1179 3539 1269 3605 enim

232 3673 417 3755 liberorum,
439 3685 472 3741 et
489 3674 646 3741 societatis
667 3674 771 3740 civilis
791 3673 890 3759 quieti
909 3673 1153 3759 prospiceretur,
1180 3694 1264 3759 opus

139 3798 142 3802 ’
233 3813 312 3884 erat,
328 3813 366 3869 ut
387 3812 533 3892 parentes
553 3801 639 3867 inter
658 3800 773 3897 omnis,
793 3798 921 3867 cuinam
931 3807 1123 3884 competeret
1140 3797 1260 3865 liberos
