2784 5092
584 545 625 608 51

91 769 136 833 tio
170 768 206 833 in
236 785 394 832 ooneursu
420 765 616 829 auctoritatis
643 766 757 831 tutoris
779 787 852 831 eum
874 778 1027 854 potestate
1047 794 1114 837 ma·

90 901 159 979 tris,
195 921 294 986 penes
319 906 429 962 utrum
461 896 530 962 scil.
565 896 608 961 sit
639 896 812 963 liberorum
845 900 989 967 educatio
1019 912 1114 989 atque

91 1033 222 1121 propria
241 1053 394 1118 personae
416 1030 523 1095 eura?

121 1165 248 1265 'Hujus'
256 1162 448 1247 quaestionis
463 1161 578 1226 solutio
584 1182 659 1227 eum
676 1164 813 1228 maxime
830 1188 850 1227 a
868 1165 990 1230 ratione
1005 1166 1115 1231 matris

90 1318 168 1384 erga
185 1296 301 1361 liberos
311 1293 471 1360 naturales
484 1294 647 1381 potestatis
660 1294 799 1381 pendere
806 1295 963 1376 videam,
976 1300 1115 1385 primum

90 1430 185 1497 nobis
198 1428 473 1506 considerandum,
496 1427 917 1512 quatenusillaexteudatur
934 1440 1082 1518 potestas.

135 1564 331 1651 Legislator,
348 1562 405 1626 ubi
416 1560 493 1627 Art.
509 1564 572 1629 361
586 1562 626 1629 O.
640 1562 680 1631 0.
690 1562 732 1629 de
740 1565 843 1651 patria
852 1574 1018 1651 potestate,
1034 1588 1116 1652 quae

93 1695 237 1781 exjustis
250 1692 380 1780 profluit
395 1691 527 1778 nuptiis,
549 1700 667 1757 statuta
676 1693 773 1758 etiam
782 1690 822 1758 ad
832 1694 992 1760 naturales
1007 1705 1116 1762 exten-

93 1830 141 1895 dit
149 1829 280 1904 liberos,
294 1825 355 1891 hoe
375 1825 451 1891 feeit
466 1824 616 1910 judicans
633 1825 800 1892 vinculum
816 1836 962 1914 parentes
978 1829 1062 1895 inter
1082 1840 1115 1897 et

94 1963 212 2029 liberos
246 1958 478 2025 sanctissimum
503 1980 581 2035 esse,
605 1958 692 2042 quod
715 1980 753 2023 eo
775 1958 877 2025 tendit
890 1971 928 2024 ut
949 1960 1112 2042 alimenta,
1228 2032 1231 2037 ,

94 2119 173 2163 eura
201 2105 235 2160 et
256 2092 400 2158 adunatio
420 2115 440 2155 a
464 2090 648 2177 parentibus
665 2090 773 2157 liberis
791 2092 856 2156 sint
874 2092 1114 2180 suppeditenda.

134 2228 250 2315 Ipsum
273 2224 335 2289 hoc
354 2233 487 2288 naturae
504 2220 558 2306 jus
580 2243 687 2285 secum
703 2218 785 2286 ferre
811 2222 950 2302 videtur,
981 2228 1022 2287 et'
1034 2223 1118 2290 frus-

93 2370 143 2426 tra
164 2358 333 2445 impediret
352 2355 415 2434 lex,
446 2339 616 2438 quominus
634 2353 717 2439 proli
734 2376 810 2419 suae
831 2354 941 2419 invitis
970 2356 1118 2423 omnibus

41 2452 48 2459 ·
94 2494 259 2561 consulere
280 2454 377 2573 atque
397 2488 576 2576 prospioere
598 2486 756 2552 studeant.

138 2624 298 2709 Quamvis
307 2622 418 2709 igitur,
432 2642 514 2703 quae
523 2643 564 2684 ex
574 2642 662 2684 mero
668 2620 743 2705 jure
756 2620 843 2685 civili
859 2624 1025 2703 exsistunt,
1049 2648 1117 2692 rna-

96 2763 181 2827 xime
204 2756 404 2823 naturalibus
426 2753 604 2841 denegandi
637 2752 822 2839 parentibus
857 2753 899 2818 sit
930 2754 1119 2843 legislatoris

95 2888 268 2962 voluntas,
302 2883 428 2967 integra
459 2879 566 2944 omnia
599 2877 780 2961 relinquere
809 2878 930 2959 debuit,
965 2904 1047 2966 quae
1078 2884 1119 2949 ad

90 3022 144 3106 jus
172 3016 257 3083 illud
281 3023 417 3079 naturae
437 3011 531 3098 plene
553 3010 764 3075 exercendum
794 3021 897 3077 essent
930 3016 1116 3082 necessaria.¹

94 3151 222 3217 Eximie
241 3148 303 3211 hoc
313 3162 515 3215 zAcHARIAIs
531 3148 540 3184 ¹
558 3142 704 3206 enuntiat
716 3140 793 3220 „die
803 3140 914 3207 Eltern
925 3143 1120 3223 naturlicher

96 3284 250 3351 Kindem
275 3280 380 3346 haben
397 3278 441 3343 im
462 3276 672 3363 allgemeinen
695 3275 756 3340 alle
779 3276 830 3341 die
851 3276 973 3342 Rechte
981 3277 1048 3343 und
1057 3302 1121 3345 nur

95 3416 280 3503 diajenigen
317 3410 440 3476 Rechts
460 3408 619 3473 ehelichor
636 3408 759 3485 Ehem,
785 3406 905 3473 welche
922 3408 988 3473 sich
999 3432 1056 3473 aus
1067 3411 1122 3475 der

94 3550 218 3617 Pflicht
243 3546 300 3611 der
314 3543 436 3621 Ehem,
462 3541 531 3607 ihre
551 3540 750 3606 naturlichen
766 3540 913 3607 Kindern
937 3565 976 3607 zu
1001 3545 1120 3608 erziehn

97 3696 208 3771 streng
230 3679 367 3746 ableiten
391 3677 529 3741 lassen.'’
598 3640 602 3647 Ι
834 3670 837 3675 ’

131 3839 139 3869 ¹
159 3836 219 3906 III,
239 3853 271 3905 p.
295 3838 358 3885 432.
