2784 5092
227 1453 276 1497 DE
303 1450 537 1510 QUAESTIONE,
562 1452 610 1497 AN
633 1451 749 1497 PATER
772 1436 970 1498 NATURALIS
993 1451 1254 1503 CONSILIARIUM

300 1564 500 1655 (raadsman)
523 1584 724 1646 snrnnsrmr
751 1583 868 1632 Possm
889 1554 1175 1637 rnnunennn'na-

359 1718 660 1778 rn1,n1annonun
683 1718 919 1766 uarunanmn
944 1701 1113 1765 rursum?

271 2031 448 2096 Mulierum
476 2033 510 2096 in
554 2032 810 2096 administrandis
844 2032 951 2109 rebus,
986 2032 1041 2115 qui
1064 2031 1258 2117 plerumque

225 2163 325 2243 adest,
340 2165 551 2252 experientiae
572 2164 713 2229 defectus
735 2164 949 2251 legislatorem
967 2174 1111 2228 nostrum
1131 2164 1252 2250 adegit,

225 2305 274 2373 ut,
310 2318 384 2361 cum
409 2296 505 2360 semel
534 2288 629 2360 matri
655 2297 817 2382 legitimae
846 2306 926 2360 esset
948 2296 1174 2361 committenda
1199 2307 1255 2360 tu-

226 2427 305 2527 tela,
332 2429 400 2513 ejus
432 2428 558 2506 marito,
596 2429 622 2491 si
656 2427 741 2491 salus
767 2427 944 2492 liberorum
972 2430 1002 2492 ei
1025 2429 1101 2493 talia
1124 2430 1255 2516 exigere

227 2562 400 2638 videretur,
424 2561 577 2637 tribueret
598 2560 783 2625 facultatem
805 2562 915 2625 matris
932 2560 1063 2640 hancce,
1079 2561 1199 2644 alioqui
1211 2561 1253 2625 li-

226 2695 346 2772 beram,
368 2692 607 2757 administrandi
625 2702 812 2779 potestatem
831 2693 1007 2771 minuendi,
1033 2694 1253 2758 consiliarium

227 2826 427 2914 (roodsmmr)
452 2826 481 2889 ei
503 2824 706 2912 adjungendo
723 2833 750 2889 ¹.
779 2824 938 2892 Solvenda
959 2828 1121 2913 igiturest
1139 2850 1255 2912 quaes-

215 2960 283 3037 tio,
309 2982 350 3022 an
382 2959 444 3022 hoc
467 2959 551 3043 juris
584 2958 748 3045 placitum,
774 2959 879 3026 verbis
904 2970 999 3043 atque
1020 2959 1101 3046 legis
1128 2962 1255 3025 ratione

227 3095 395 3181 indagatis,
422 3094 516 3157 etiam
540 3094 579 3157 de
601 3103 692 3179 patre
714 3093 854 3156 naturali
877 3094 986 3179 vigere
1010 3094 1050 3156 sit
1067 3094 1254 3158 existiman-

226 3230 327 3293 dum?
359 3228 476 3295 Verbis
508 3236 615 3291 autem
646 3227 723 3311 ipsis
745 3236 844 3313 patet,
869 3226 1082 3313 legislatorem
1104 3229 1257 3291 moritum

261 3425 269 3459 ¹
306 3425 368 3479 Art.
402 3431 453 3478 401
481 3424 514 3479 C.
549 3424 581 3479 G·
620 3424 685 3491 „De
707 3423 792 3476 vader
826 3422 882 3475 ken
916 3422 1104 3476 desniettemin
1137 3440 1191 3475 ean
1219 3424 1257 3478 de

226 3518 429 3589 langstlevende
476 3518 587 3571 moeder
616 3534 701 3570 eenen
731 3515 905 3586 bijzondcren
926 3517 1070 3569 raadsman
1088 3510 1256 3587 toevoegen,

225 3613 326 3665 zonder
335 3613 415 3666 niens
428 3611 616 3680 toestemming
635 3609 670 3679 aij
689 3625 773 3679 geone
787 3610 869 3675 dead,
892 3609 926 3661 de
947 3608 1058 3677 voogdij
1072 3608 1252 3673 betreffende,

225 3704 268 3755 zal
290 3704 402 3758 konnen
424 3703 569 3773 verrigten,
590 3703 746 3756 behoudens
764 3701 831 3753 haer
849 3700 952 3770 beklag
971 3718 1022 3752 aan
1042 3702 1076 3753 de
1103 3700 1255 3753 Arrondis·

224 3796 505 3867 nementsregtbank,
532 3813 660 3850 wanneer
682 3794 717 3866 zij
740 3800 879 3848 vermeent
896 3795 946 3846 dat
967 3793 1001 3846 de
1022 3792 1172 3864 weigering
1194 3810 1250 3846 van

227 3890 280 3943 den
302 3891 447 3945 raadsman
483 3890 516 3943 de
549 3890 682 3960 belangen
707 3890 754 3943 der
780 3885 991 3959 minderjarigen
1015 3886 1176 3941 benadeelt''
1198 3893 1255 3942 etc.
