2784 5092
617 547 658 614 33

80 851 83 856 Ι
115 767 213 836 beroa
257 770 324 836 scil.
361 771 520 836 naturales
571 793 592 834 a
635 780 749 836 neutro
793 771 919 858 agnitos
954 785 1134 859 parentum.

116 902 293 986 Quaenam
327 905 461 1002 istorum
499 915 546 970 est
579 905 746 971 exercendi
777 905 860 991 juris
894 905 1003 971 aedes?
1041 907 1140 1008 Hanc

116 1041 337 1123 quaestionem
364 1041 424 1105 rite
449 1039 530 1105 solvi
553 1040 691 1106 maxime
716 1039 788 1104 ideo
807 1040 948 1118 interest,
971 1063 1045 1105 cum
1064 1041 1140 1106 inde
1170 1069 1173 1075 ·

115 1171 301 1251 definiatur,
334 1175 425 1259 cujus
446 1173 664 1260 jurisdictioni
694 1175 737 1239 eit
763 1174 923 1259 subjectum
941 1175 1083 1260 pupillus
1109 1179 1137 1252 ¹,

120 1306 260 1388 quierit
279 1306 380 1391 judex
407 1307 616 1385 cantonnalis,
640 1307 693 1371 cui
721 1317 858 1372 tutorem
883 1306 1007 1372 dicendi
1031 1307 1140 1372 liberio

121 1440 323 1508 naturalibus
354 1451 401 1506 est
429 1465 559 1508 munus.
593 1441 800 1526 Quamquam
817 1440 893 1506 Art.
914 1446 957 1506 74
984 1441 1024 1508 C.
1049 1441 1090 1509 O.
1107 1451 1137 1520 ²,
1178 1498 1186 1508 .

121 1582 265 1638 statuens
292 1595 563 1660 unumquemque,
594 1598 668 1640 cum
693 1575 799 1641 sedem
823 1600 888 1642 non
906 1577 1004 1642 habet
1022 1555 1141 1664 princi·
1221 1555 1224 1558 ⁴

121 1705 230 1791 palem
257 1729 361 1771 rorum
386 1719 414 1772 ot
431 1708 636 1794 fortunarum
660 1732 799 1789 auorum,
828 1708 874 1774 ibi
900 1710 1017 1776 habere
1039 1710 1141 1776 domi-

121 1839 249 1918 cilium,
267 1840 333 1905 ·ubi
363 1839 447 1906 facto
475 1853 704 1923 commoratur,
734 1867 799 1908 non
827 1855 968 1930 spectare
995 1843 1141 1909 videatur

6 1945 7 1948 Ἴ
121 1972 272 2050 minores,
293 1983 432 2040 attamen
452 1976 539 2041 hunc
560 1977 600 2041 ad
620 2000 730 2042 casum
749 1979 916 2066 adaptetm
935 2001 1061 2044 necesse
1078 1988 1137 2043 eat.

125 2103 212 2170 (lum
239 2106 336 2185 enim,
363 2108 421 2172 ubi
445 2109 498 2182 lex
515 2131 580 2174 non
600 2110 669 2196 ipsa
692 2120 815 2175 certum
835 2110 1020 2196 praescribit
1039 2109 1140 2175 domi-

106 2239 247 2318 ·eilium,
269 2264 327 2327 pro
344 2242 451 2307 lubitu
470 2243 551 2308 illud
568 2243 672 2308 varias
703 2243 744 2309 ob
774 2255 885 2308 causas
905 2241 1024 2307 mutari
1043 2254 1139 2326 atque

124 2369 202 2458 eligi
231 2383 342 2455 queat,
379 2376 576 2462 potissimum
607 2397 683 2440 sane
711 2375 820 2439 liberis
838 2375 1044 2439 *naturalibus
1073 2397 1160 2439 non*

124 2503 254 2589 agnitis,
281 2506 397 2571 teneris
425 2505 529 2571 adhuc
555 2507 665 2570 aetatis
691 2507 737 2571 ibi
764 2505 904 2572 dandum
932 2506 1138 2585 domicilium,

123 2657 189 2720 quo
218 2639 357 2724 primum
384 2642 497 2705 nutriti
526 2652 621 2726 atque
648 2641 773 2706 educati
801 2615 891 2719 aunt,
919 2642 978 2706 ubi
1004 2641 1140 2705 maxime

124 2771 300 2838 affectionis
315 2773 451 2838 vinculis
461 2784 609 2840 tenentur
625 2779 656 2852 3;
675 2773 728 2839 hic
738 2796 812 2839 vere
822 2797 931 2838 eorum
937 2775 1140 2861 fortunarum

163 2960 170 2991 ¹
199 2958 243 3015 Cf.
268 2961 342 3016 Artt.
366 2969 390 3030 1,
416 2971 443 3032 4,
470 2970 517 3030 97,
541 2969 601 3031 126,
622 2969 674 3017 oet.
700 2962 770 3017 Cod.
790 2962 824 3016 da
846 2979 884 3015 m.
904 2959 1021 3032 prociu
1040 2958 1119 3013 (1.0.

163 3083 173 3109 ²
200 3077 280 3145 „Ean
305 3079 380 3135 iader
401 3081 489 3134 wordt
515 3080 615 3150 geacht
631 3078 702 3149 zijno
724 3077 892 3148 woonplaata
909 3082 938 3130 te
957 3075 1076 3139 hebben,
1100 3073 1139 3126 al·

125 3185 201 3224 waar
225 3169 263 3241 hij
290 3171 344 3242 zijn
377 3173 566 3242 hoffdoerblrj's
589 3172 664 3225 heest
691 3170 843 3241 gevectigd.
874 3166 919 3239 Bij
943 3167 1062 3238 gebrcka
1085 3181 1140 3218 van

123 3261 277 3334 zoodanige
303 3265 481 3336 woonplaatr,
504 3265 592 3320 wordt
615 3264 649 3319 de
671 3264 760 3334 plauto
778 3265 825 3319 dea
842 3264 1003 3332 werkelr'jken
1024 3260 1141 3328 verblzjja

124 3355 261 3411 daarvoor
282 3357 454 3427 gehouden.”

161 3473 171 3497 ²
200 3469 243 3526 cf.
263 3488 423 3541 alunnum,
448 3473 577 3544 praelect.
597 3474 675 3527 acad.
694 3472 808 3545 dejure
825 3470 974 3554 C.Nce1l.,
994 3469 1019 3537 I,
1033 3487 1061 3539 p.
1076 3473 1139 3537 278,

5 3567 7 3624 f
123 3569 139 3634 §
160 3571 204 3618 37.
233 3582 410 3636 onmrnmn,
433 3568 458 3637 1,
485 3573 500 3638 ξ
524 3576 583 3637 141,
604 3587 632 3639 p.
658 3573 721 3622 298.
747 3585 779 3622 Α.
800 3583 826 3622 o.
848 3583 911 3623 vrri
929 3581 1044 3633 nomm,
1064 3564 1136 3619 Dim.

121 3658 215 3714 durid.
246 3659 346 3732 Inaug.
376 3663 410 3717 da
429 3661 568 3730 domicilii,
593 3679 654 3716 cum
676 3679 712 3716 ex
734 3662 798 3734 juro
817 3660 912 3728 veteri,
940 3667 998 3714 tum
1020 3677 1055 3713 cx
1075 3659 1139 3730 jure

5 3757 6 3764 ’
120 3751 264 3821 hodierno,
292 3754 397 3811 ratione
427 3766 455 3811 et
482 3757 565 3828 jurc;
588 3754 747 3826 Groniogcn
779 3761 856 3823 1824,
889 3755 958 3826 Cap.
987 3755 1040 3822 IV,
1069 3757 1084 3822 §
1111 3761 1135 3820 1,

120 3862 150 3914 p.
178 3852 211 3898 65
234 3865 294 3918 sqq.

985 3941 1047 4031 a
