2784 5092
748 554 789 617 58

261 782 416 847 rationem
438 781 663 867 perquirimus,
688 777 782 841 valde
804 776 844 840 ad
866 776 949 839 hanc
971 776 1262 861 propendimusopi-

239 905 399 993 monem,
426 914 621 979 domicilium
643 912 752 977 matris
776 910 841 975 esse
864 909 959 974 etiam
982 911 1113 974 minoris
1146 911 1264 975 domici-

261 1047 352 1110 lium.
377 1046 430 1110 Ita
452 1046 509 1109 ubi
531 1045 636 1109 minor
658 1067 677 1107 a
700 1053 801 1107 matre
824 1042 864 1106 sit
887 1042 1114 1127 emancipatus,
1135 1052 1264 1125 utquae·

260 1179 333 1244 dam
365 1180 493 1266 majoris
526 1179 637 1243 aetatis
670 1199 815 1241 exercere
847 1176 960 1261 possit
972 1176 1048 1261 jura
1081 1174 1174 1261 (Art.
1209 1176 1265 1239 480

262 1315 302 1381 C.
322 1315 382 1404 C.)
405 1325 489 1380 recte
511 1314 713 1379 contenditur
735 1312 830 1377 etiam
852 1322 922 1375 tum
933 1311 1042 1375 matris
1056 1311 1191 1375 retinere
1205 1332 1269 1375 eum

262 1447 469 1548 domicilium,
495 1448 639 1533 quamvis
662 1446 739 1511 alibi
763 1444 970 1532 obligationes
996 1444 1163 1509 contrahat
1184 1454 1269 1528 atque

260 1591 472 1645 mercaturam
494 1581 621 1647 faciat.¹
664 1579 740 1645 Non
762 1580 848 1643 enim
871 1578 1039 1665 distinguit
1062 1577 1173 1644 Codex
1204 1600 1269 1641 nos·

207 1740 211 1745 ’
262 1723 311 1777 ter
333 1714 416 1777 inter
448 1714 584 1778 minores
618 1711 831 1811 emancipatos
864 1722 983 1775 etnon
1006 1712 1218 1798 emancipatos
1243 1715 1268 1773 ².

261 1821 437 1911 Parentum
459 1846 617 1911 domicilio
640 1846 813 1912 liberorum
836 1854 935 1909 status
958 1844 1059 1908 civilis
1069 1844 1270 1908 inveniuntur

262 1984 369 2054 acta³;
395 1979 461 2043 illic
498 1950 683 2064 nuptiarum
706 1956 967 2063 proclamationes
990 1978 1058 2043 fieri
1081 1979 1269 2042 matrimoni·

262 2104 381 2195 umque
413 2109 558 2175 contrahi
591 2111 692 2176 solent
720 2116 749 2175 ⁴.
796 2110 870 2198 Ipse
903 2110 978 2177 Art.
1012 2113 1052 2177 78
1085 2112 1124 2179 C.
1163 2112 1202 2179 C.
1243 2112 1270 2175 id

263 2244 445 2330 significare
467 2244 594 2308 videtur
615 2244 791 2309 minoribus
815 2244 1009 2309 domicilium
1019 2244 1162 2311 indicans
1188 2268 1270 2324 „van

262 2376 372 2440 hunno
394 2376 507 2442 ouders
531 2376 568 2441 of
585 2377 752 2464 voogden”
777 2377 799 2441 i.
814 2400 842 2441 e.
868 2378 894 2441 si
917 2388 1061 2463 parentes
1078 2401 1143 2441 non
1159 2377 1267 2453 adsint,

264 2515 332 2570 tum
355 2506 483 2571 demum
505 2517 625 2573 tutores
648 2509 779 2574 definire
807 2510 1000 2575 domicilium
1027 2516 1055 2573 ⁵.
1082 2510 1195 2593 Neque
1217 2510 1271 2596 igi-

265 2648 319 2702 tur
342 2662 416 2703 cum
449 2640 489 2705 iis
524 2640 668 2719 facimus
700 2643 755 2726 qui
779 2642 861 2708 hanc
884 2642 924 2708 ob
947 2666 1074 2709 causam
1096 2654 1221 2708 tantum
1244 2646 1271 2707 in

304 2841 311 2863 ¹
356 2842 400 2896 Cf.
419 2858 458 2896 nn
477 2804 578 2911 suino,
609 2842 651 2913 ΙΙ,
683 2846 761 2912 551,
781 2862 808 2915 p.
829 2850 863 2895 54
881 2851 909 2897 et
927 2842 1019 2897 Ontw.
1042 2848 1120 2911 1830,
1140 2846 1201 2897 Art.
1235 2852 1271 2896 10.

304 2985 311 3008 ²
355 2981 400 3035 cf.
427 2982 489 3034 Art.
522 2987 572 3035 108
600 2982 632 3037 O.
652 2983 688 3036 N.
711 2982 772 3049 „Le
792 2982 895 3033 mineur
924 2998 975 3033 aion
997 2979 1213 3051 e'muuczpe'aura
1231 3000 1274 3036 son

266 3071 390 3129 domicile
409 3075 473 3128 chez
492 3093 532 3129 scs
549 3076 613 3145 pore
631 3081 658 3129 et
677 3076 759 3141 mere,
781 3093 813 3127 ou
830 3074 949 3127 tutcur.”

306 3211 410 3271 ³A'ru.
432 3224 476 3286 aa,
497 3224 541 3285 ai,
562 3224 606 3284 aa,
629 3223 689 3285 131,
710 3224 761 3271 cet.
783 3216 815 3270 c.
837 3215 869 3270 c.

307 3347 316 3379 1
339 3348 412 3407 Aru.
436 3354 495 3416 105,
519 3354 666 3413 ior-109,
690 3354 750 3413 131,
771 3345 824 3399 cet.
845 3346 876 3399 c.
897 3346 929 3401 0.

228 3457 237 3471 ’
304 3468 315 3499 ⁵
337 3474 380 3527 Cf.
400 3492 439 3528 ur
456 3491 555 3542 muro,
576 3475 616 3543 ΙΙ,
637 3481 680 3543 51,
703 3480 728 3542 2,
748 3493 776 3545 p.
796 3480 840 3528 54.
860 3490 994 3527 partuum
1012 3476 1047 3527 ad
1065 3474 1125 3527 Art.
1141 3482 1189 3529 108
1201 3476 1232 3530 C.
1243 3477 1275 3531 N.
1338 3518 1341 3527 .

268 3568 310 3635 (c)
330 3566 385 3620 n0.
406 3576 432 3623 2.
456 3572 573 3625 Contra:
593 3571 735 3641 Regtsgel.
755 3569 839 3641 Bijbl.
859 3570 884 3638 1,
905 3577 966 3637 400,
987 3574 1137 3630 453-556,
1157 3580 1184 3623 et
1202 3588 1276 3642 supra

267 3659 371 3721 cit.,r.
401 3681 450 3717 rn.
478 3679 711 3731 unsrsawounr,
750 3664 832 3731 Dira,
862 3682 889 3735 p.
922 3670 1036 3717 51-54,
1075 3678 1226 3728 niernum,
1253 3662 1272 3728 Ι,

267 3756 478 3826 10054Το55.
500 3776 678 3825 mensumn,
698 3742 751 3825 1,'§
766 3765 824 3825 143,
844 3777 874 3829 p.
893 3763 954 3825 336,
975 3760 1272 3818 10.36.111,1101τ1,

269 3846 305 3897 ad
323 3846 383 3901 Art.
408 3858 456 3905 108
476 3852 507 3908 C.
528 3854 566 3907 N.
