<?xml version="1.0" encoding="UTF-8"?>
<!DOCTYPE html PUBLIC "-//W3C//DTD XHTML 1.0 Transitional//EN"
    "http://www.w3.org/TR/xhtml1/DTD/xhtml1-transitional.dtd">
<html xmlns="http://www.w3.org/1999/xhtml" xml:lang="en" lang="en">
 <head>
  <title>
</title>
<meta http-equiv="Content-Type" content="text/html;charset=utf-8" />
  <meta name='ocr-system' content='tesseract 3.04.00' />
  <meta name='ocr-capabilities' content='ocr_page ocr_carea ocr_par ocr_line ocrx_word'/>
</head>
<body>
  <div class='ocr_page' id='page_1' title='image "./specimenjuridic00lagugoog_0050.png"; bbox 0 0 2784 5092; ppageno 0'>
   <div class='ocr_carea' id='block_1_1' title="bbox 599 584 639 645">
    <p class='ocr_par' dir='ltr' id='par_1_1' title="bbox 599 584 639 645">
     <span class='ocr_line' id='line_1_1' title="bbox 599 584 639 645; baseline -0.025 0"><span class='ocrx_word' id='word_1_1' title='bbox 599 584 639 645; x_wconf 83' lang='lat'><strong>37</strong></span> 
     </span>
    </p>
   </div>
   <div class='ocr_carea' id='block_1_2' title="bbox 7 802 1179 2628">
    <p class='ocr_par' dir='ltr' id='par_1_2' title="bbox 92 802 1125 890">
     <span class='ocr_line' id='line_1_2' title="bbox 92 802 1125 890; baseline 0 -22"><span class='ocrx_word' id='word_1_2' title='bbox 92 803 281 889; x_wconf 88' lang='lat' dir='ltr'><strong>conjuncti,</strong></span> <span class='ocrx_word' id='word_1_3' title='bbox 306 812 339 866; x_wconf 90' lang='lat' dir='ltr'><strong>et</strong></span> <span class='ocrx_word' id='word_1_4' title='bbox 366 825 461 867; x_wconf 90' lang='lat' dir='ltr'><strong>onere</strong></span> <span class='ocrx_word' id='word_1_5' title='bbox 489 813 645 889; x_wconf 87' lang='lat' dir='ltr'><strong>suscepto,</strong></span> <span class='ocrx_word' id='word_1_6' title='bbox 669 805 755 888; x_wconf 92' lang='lat' dir='ltr'><strong>quod</strong></span> <span class='ocrx_word' id='word_1_7' title='bbox 776 802 816 870; x_wconf 88' lang='lat' dir='ltr'><strong>iis</strong></span> <span class='ocrx_word' id='word_1_8' title='bbox 835 805 1010 890; x_wconf 85' lang='lat' dir='ltr'><strong>praemium</strong></span> <span class='ocrx_word' id='word_1_9' title='bbox 1031 827 1125 868; x_wconf 90' lang='lat' dir='ltr'><strong>nnm-</strong></span> 
     </span>
    </p>

    <p class='ocr_par' dir='ltr' id='par_1_3' title="bbox 36 935 1125 1266">
     <span class='ocr_line' id='line_1_3' title="bbox 36 935 1125 1021; baseline 0.006 -27"><span class='ocrx_word' id='word_1_10' title='bbox 36 987 44 994; x_wconf 85' lang='lat'><strong>.</strong></span> <span class='ocrx_word' id='word_1_11' title='bbox 92 959 221 1020; x_wconf 87' lang='lat' dir='ltr'><strong>quam,</strong></span> <span class='ocrx_word' id='word_1_12' title='bbox 249 957 489 1019; x_wconf 84' lang='lat' dir='ltr'><strong>nonnumquam</strong></span> <span class='ocrx_word' id='word_1_13' title='bbox 510 957 602 1012; x_wconf 89' lang='lat' dir='ltr'><strong>vero,</strong></span> <span class='ocrx_word' id='word_1_14' title='bbox 638 935 664 999; x_wconf 89' lang='lat' dir='ltr'><strong>si</strong></span> <span class='ocrx_word' id='word_1_15' title='bbox 695 936 730 999; x_wconf 93' lang='lat' dir='ltr'><strong>in</strong></span> <span class='ocrx_word' id='word_1_16' title='bbox 751 935 845 1021; x_wconf 84' lang='lat' dir='ltr'><strong>culpa</strong></span> <span class='ocrx_word' id='word_1_17' title='bbox 876 937 955 1013; x_wconf 88' lang='lat' dir='ltr'><strong>sint,</strong></span> <span class='ocrx_word' id='word_1_18' title='bbox 990 958 1125 1021; x_wconf 85' lang='lat' dir='ltr'><strong>poenam</strong></span> 
     </span>
     <span class='ocr_line' id='line_1_4' title="bbox 93 1045 1124 1153; baseline 0.001 -23"><span class='ocrx_word' id='word_1_19' title='bbox 93 1066 259 1152; x_wconf 85' lang='lat' dir='ltr'><strong>praebere</strong></span> <span class='ocrx_word' id='word_1_20' title='bbox 288 1067 378 1144; x_wconf 90' lang='lat' dir='ltr'><strong>solet,</strong></span> <span class='ocrx_word' id='word_1_21' title='bbox 410 1067 547 1131; x_wconf 87' lang='lat' dir='ltr'><strong>maxime</strong></span> <span class='ocrx_word' id='word_1_22' title='bbox 576 1089 613 1131; x_wconf 90' lang='lat' dir='ltr'><strong>eo</strong></span> <span class='ocrx_word' id='word_1_23' title='bbox 642 1067 787 1144; x_wconf 82' lang='lat' dir='ltr'><strong>tendent,</strong></span> <span class='ocrx_word' id='word_1_24' title='bbox 807 1077 844 1131; x_wconf 91' lang='lat' dir='ltr'><strong>ut</strong></span> <span class='ocrx_word' id='word_1_25' title='bbox 870 1045 1124 1153; x_wconf 85' lang='lat' dir='ltr'><strong>quamprimum</strong></span> 
     </span>
     <span class='ocr_line' id='line_1_5' title="bbox 96 1198 495 1266; baseline 0.003 -4"><span class='ocrx_word' id='word_1_26' title='bbox 96 1222 142 1262; x_wconf 89' lang='lat' dir='ltr'><strong>eo</strong></span> <span class='ocrx_word' id='word_1_27' title='bbox 167 1198 332 1262; x_wconf 89' lang='lat' dir='ltr'><strong>solvantur</strong></span> <span class='ocrx_word' id='word_1_28' title='bbox 354 1221 495 1266; x_wconf 87' lang='lat' dir='ltr'><strong>munere.</strong></span> 
     </span>
    </p>

    <p class='ocr_par' dir='ltr' id='par_1_4' title="bbox 97 1331 1179 1552">
     <span class='ocr_line' id='line_1_6' title="bbox 151 1331 1179 1419; baseline 0.002 -23"><span class='ocrx_word' id='word_1_29' title='bbox 151 1332 223 1397; x_wconf 88' lang='lat' dir='ltr'><strong>Etsi</strong></span> <span class='ocrx_word' id='word_1_30' title='bbox 244 1333 344 1419; x_wconf 84' lang='lat' dir='ltr'><strong>igitur</strong></span> <span class='ocrx_word' id='word_1_31' title='bbox 364 1331 456 1396; x_wconf 87' lang='lat' dir='ltr'><strong>facile</strong></span> <span class='ocrx_word' id='word_1_32' title='bbox 477 1331 530 1396; x_wconf 82' lang='lat' dir='ltr'><strong>hic</strong></span> <span class='ocrx_word' id='word_1_33' title='bbox 551 1331 663 1396; x_wconf 86' lang='lat' dir='ltr'><strong>obviae</strong></span> <span class='ocrx_word' id='word_1_34' title='bbox 681 1331 884 1397; x_wconf 86' lang='lat' dir='ltr'><strong>difficultates</strong></span> <span class='ocrx_word' id='word_1_35' title='bbox 902 1332 1121 1418; x_wconf 73' lang='lat' dir='ltr'>expediantur,</span> <span class='ocrx_word' id='word_1_36' title='bbox 1175 1347 1179 1353; x_wconf 90' lang='grc'><strong><em>’</em></strong></span> 
     </span>
     <span class='ocr_line' id='line_1_7' title="bbox 97 1465 1122 1552; baseline -0.002 -22"><span class='ocrx_word' id='word_1_37' title='bbox 97 1477 203 1550; x_wconf 86' lang='lat' dir='ltr'><strong>atque</strong></span> <span class='ocrx_word' id='word_1_38' title='bbox 236 1489 275 1530; x_wconf 84' lang='lat' dir='ltr'><strong>ex</strong></span> <span class='ocrx_word' id='word_1_39' title='bbox 307 1465 453 1552; x_wconf 86' lang='lat' dir='ltr'><strong>analogia</strong></span> <span class='ocrx_word' id='word_1_40' title='bbox 484 1475 516 1529; x_wconf 90' lang='lat' dir='ltr'><strong>et</strong></span> <span class='ocrx_word' id='word_1_41' title='bbox 547 1465 714 1547; x_wconf 84' lang='lat' dir='ltr'><strong>aequitatis</strong></span> <span class='ocrx_word' id='word_1_42' title='bbox 745 1466 866 1529; x_wconf 85' lang='lat' dir='ltr'><strong>ratione</strong></span> <span class='ocrx_word' id='word_1_43' title='bbox 898 1465 1122 1541; x_wconf 86' lang='lat' dir='ltr'><strong>dissolvantur,</strong></span> 
     </span>
    </p>

    <p class='ocr_par' dir='ltr' id='par_1_5' title="bbox 7 1585 1125 1942">
     <span class='ocr_line' id='line_1_8' title="bbox 7 1585 1125 1692; baseline 0.001 -30"><span class='ocrx_word' id='word_1_44' title='bbox 7 1585 8 1588; x_wconf 8' lang='grc' dir='ltr'><strong>Ἴ</strong></span> <span class='ocrx_word' id='word_1_45' title='bbox 98 1599 238 1663; x_wconf 90' lang='lat' dir='ltr'><strong>omnino</strong></span> <span class='ocrx_word' id='word_1_46' title='bbox 267 1609 372 1692; x_wconf 87' lang='lat' dir='ltr'><strong>tamen</strong></span> <span class='ocrx_word' id='word_1_47' title='bbox 400 1599 597 1684; x_wconf 88' lang='lat' dir='ltr'><strong>probandum</strong></span> <span class='ocrx_word' id='word_1_48' title='bbox 627 1608 719 1676; x_wconf 89' lang='lat' dir='ltr'><strong>esset,</strong></span> <span class='ocrx_word' id='word_1_49' title='bbox 748 1599 775 1662; x_wconf 92' lang='lat' dir='ltr'><strong>si</strong></span> <span class='ocrx_word' id='word_1_50' title='bbox 803 1599 925 1662; x_wconf 90' lang='lat' dir='ltr'><strong>nullam</strong></span> <span class='ocrx_word' id='word_1_51' title='bbox 947 1599 1042 1662; x_wconf 89' lang='lat' dir='ltr'><strong>etiam</strong></span> <span class='ocrx_word' id='word_1_52' title='bbox 1064 1597 1125 1663; x_wconf 87' lang='lat' dir='ltr'><strong>hac</strong></span> 
     </span>
     <span class='ocr_line' id='line_1_9' title="bbox 100 1713 1125 1816; baseline 0.003 -23"><span class='ocrx_word' id='word_1_53' title='bbox 100 1731 142 1793; x_wconf 91' lang='lat' dir='ltr'><strong>in</strong></span> <span class='ocrx_word' id='word_1_54' title='bbox 174 1753 209 1794; x_wconf 90' lang='lat' dir='ltr'><strong>re</strong></span> <span class='ocrx_word' id='word_1_55' title='bbox 237 1730 403 1795; x_wconf 87' lang='lat' dir='ltr'><strong>dubitandi</strong></span> <span class='ocrx_word' id='word_1_56' title='bbox 433 1713 586 1794; x_wconf 85' lang='lat' dir='ltr'><strong>rationem</strong></span> <span class='ocrx_word' id='word_1_57' title='bbox 616 1731 792 1815; x_wconf 84' lang='lat' dir='ltr'><strong>reliquisset</strong></span> <span class='ocrx_word' id='word_1_58' title='bbox 811 1731 983 1816; x_wconf 78' lang='lat' dir='ltr'><strong>legislator,</strong></span> <span class='ocrx_word' id='word_1_59' title='bbox 1005 1742 1042 1795; x_wconf 93' lang='lat' dir='ltr'><strong>ut</strong></span> <span class='ocrx_word' id='word_1_60' title='bbox 1064 1733 1125 1796; x_wconf 93' lang='lat' dir='ltr'><strong>hoc</strong></span> 
     </span>
     <span class='ocr_line' id='line_1_10' title="bbox 100 1864 1125 1942; baseline 0 -13"><span class='ocrx_word' id='word_1_61' title='bbox 100 1864 204 1929; x_wconf 85' lang='lat' dir='ltr'><strong>etiam</strong></span> <span class='ocrx_word' id='word_1_62' title='bbox 234 1869 365 1930; x_wconf 83' lang='lat' dir='ltr'><strong>sensisse</strong></span> <span class='ocrx_word' id='word_1_63' title='bbox 394 1865 531 1942; x_wconf 87' lang='lat' dir='ltr'><strong>videtur,</strong></span> <span class='ocrx_word' id='word_1_64' title='bbox 563 1865 617 1928; x_wconf 91' lang='lat' dir='ltr'><strong>ubi</strong></span> <span class='ocrx_word' id='word_1_65' title='bbox 650 1887 752 1928; x_wconf 90' lang='lat' dir='ltr'><strong>sermo</strong></span> <span class='ocrx_word' id='word_1_66' title='bbox 780 1874 827 1928; x_wconf 87' lang='lat' dir='ltr'><strong>est</strong></span> <span class='ocrx_word' id='word_1_67' title='bbox 850 1864 889 1929; x_wconf 91' lang='lat' dir='ltr'><strong>de</strong></span> <span class='ocrx_word' id='word_1_68' title='bbox 909 1887 1065 1930; x_wconf 90' lang='lat' dir='ltr'><strong>consensu</strong></span> <span class='ocrx_word' id='word_1_69' title='bbox 1085 1865 1125 1929; x_wconf 89' lang='lat' dir='ltr'><strong>ad</strong></span> 
     </span>
    </p>

    <p class='ocr_par' dir='ltr' id='par_1_6' title="bbox 7 1995 1124 2216">
     <span class='ocr_line' id='line_1_11' title="bbox 7 1995 1124 2082; baseline 0.002 -23"><span class='ocrx_word' id='word_1_70' title='bbox 7 2015 8 2018; x_wconf 72' lang='grc'>’</span> <span class='ocrx_word' id='word_1_71' title='bbox 99 1996 236 2082; x_wconf 78' lang='lat' dir='ltr'><strong>nuptias</strong></span> <span class='ocrx_word' id='word_1_72' title='bbox 274 1995 502 2061; x_wconf 87' lang='lat' dir='ltr'><strong>contrahendas</strong></span> <span class='ocrx_word' id='word_1_73' title='bbox 535 2002 563 2072; x_wconf 88' lang='lat'><strong>¹,</strong></span> <span class='ocrx_word' id='word_1_74' title='bbox 599 1996 654 2078; x_wconf 93' lang='lat' dir='ltr'><strong>qui</strong></span> <span class='ocrx_word' id='word_1_75' title='bbox 686 2018 772 2060; x_wconf 91' lang='lat' dir='ltr'><strong>unus</strong></span> <span class='ocrx_word' id='word_1_76' title='bbox 806 2006 853 2062; x_wconf 83' lang='lat' dir='ltr'><strong>est</strong></span> <span class='ocrx_word' id='word_1_77' title='bbox 886 1996 974 2061; x_wconf 87' lang='lat' dir='ltr'><strong>locus</strong></span> <span class='ocrx_word' id='word_1_78' title='bbox 1007 1997 1124 2061; x_wconf 85' lang='lat' dir='ltr'><strong>tutelae</strong></span> 
     </span>
     <span class='ocr_line' id='line_1_12' title="bbox 101 2129 1124 2216; baseline 0.001 -24"><span class='ocrx_word' id='word_1_79' title='bbox 101 2129 284 2216; x_wconf 86' lang='lat' dir='ltr'><strong>gestionem</strong></span> <span class='ocrx_word' id='word_1_80' title='bbox 306 2130 391 2193; x_wconf 85' lang='lat' dir='ltr'><strong>cirea.</strong></span> <span class='ocrx_word' id='word_1_81' title='bbox 409 2151 575 2216; x_wconf 88' lang='lat' dir='ltr'><strong>personam</strong></span> <span class='ocrx_word' id='word_1_82' title='bbox 593 2129 788 2214; x_wconf 90' lang='lat' dir='ltr'><strong>pupillorum</strong></span> <span class='ocrx_word' id='word_1_83' title='bbox 805 2129 978 2194; x_wconf 88' lang='lat' dir='ltr'><strong>liberorum</strong></span> <span class='ocrx_word' id='word_1_84' title='bbox 994 2139 1124 2193; x_wconf 86' lang='lat' dir='ltr'><strong>natura-</strong></span> 
     </span>
    </p>

    <p class='ocr_par' dir='ltr' id='par_1_7' title="bbox 7 2233 359 2328">
     <span class='ocr_line' id='line_1_13' title="bbox 7 2233 359 2328; baseline 0.006 -5"><span class='ocrx_word' id='word_1_85' title='bbox 7 2233 8 2268; x_wconf 47' lang='lat'>³</span> <span class='ocrx_word' id='word_1_86' title='bbox 100 2261 188 2326; x_wconf 89' lang='lat' dir='ltr'><strong>lium</strong></span> <span class='ocrx_word' id='word_1_87' title='bbox 211 2263 359 2328; x_wconf 88' lang='lat' dir='ltr'><strong>attinens.</strong></span> 
     </span>
    </p>

    <p class='ocr_par' dir='ltr' id='par_1_8' title="bbox 100 2395 1176 2628">
     <span class='ocr_line' id='line_1_14' title="bbox 150 2395 1176 2483; baseline -0.002 -21"><span class='ocrx_word' id='word_1_88' title='bbox 150 2396 227 2462; x_wconf 90' lang='lat' dir='ltr'><strong>Non</strong></span> <span class='ocrx_word' id='word_1_89' title='bbox 257 2397 364 2483; x_wconf 80' lang='lat' dir='ltr'><strong>exigui</strong></span> <span class='ocrx_word' id='word_1_90' title='bbox 394 2418 469 2460; x_wconf 89' lang='lat' dir='ltr'><strong>vero</strong></span> <span class='ocrx_word' id='word_1_91' title='bbox 497 2396 648 2460; x_wconf 89' lang='lat' dir='ltr'><strong>momenti</strong></span> <span class='ocrx_word' id='word_1_92' title='bbox 671 2395 768 2480; x_wconf 89' lang='lat' dir='ltr'><strong>hujus</strong></span> <span class='ocrx_word' id='word_1_93' title='bbox 788 2397 980 2481; x_wconf 86' lang='lat' dir='ltr'><strong>quaestionis</strong></span> <span class='ocrx_word' id='word_1_94' title='bbox 1002 2408 1049 2461; x_wconf 87' lang='lat' dir='ltr'><strong>est</strong></span> <span class='ocrx_word' id='word_1_95' title='bbox 1073 2419 1123 2461; x_wconf 91' lang='lat' dir='ltr'><strong>so·</strong></span> <span class='ocrx_word' id='word_1_96' title='bbox 1173 2424 1176 2428; x_wconf 93' lang='lat'>·</span> 
     </span>
     <span class='ocr_line' id='line_1_15' title="bbox 100 2529 1119 2628; baseline -0.001 -35"><span class='ocrx_word' id='word_1_97' title='bbox 100 2529 200 2605; x_wconf 88' lang='lat' dir='ltr'><strong>luti0‚</strong></span> <span class='ocrx_word' id='word_1_98' title='bbox 224 2551 265 2593; x_wconf 91' lang='lat' dir='ltr'><strong>an</strong></span> <span class='ocrx_word' id='word_1_99' title='bbox 286 2551 382 2615; x_wconf 88' lang='lat' dir='ltr'><strong>penes</strong></span> <span class='ocrx_word' id='word_1_100' title='bbox 401 2539 537 2628; x_wconf 72' lang='lat' dir='ltr'><strong>tutopem</strong></span> <span class='ocrx_word' id='word_1_101' title='bbox 561 2529 612 2604; x_wconf 91' lang='lat' dir='ltr'><strong>sit,</strong></span> <span class='ocrx_word' id='word_1_102' title='bbox 634 2550 789 2612; x_wconf 87' lang='lat' dir='ltr'><strong>quaenam</strong></span> <span class='ocrx_word' id='word_1_103' title='bbox 811 2529 852 2592; x_wconf 88' lang='lat' dir='ltr'><strong>sit</strong></span> <span class='ocrx_word' id='word_1_104' title='bbox 872 2529 987 2614; x_wconf 88' lang='lat' dir='ltr'><strong>pupilli</strong></span> <span class='ocrx_word' id='word_1_105' title='bbox 1008 2539 1119 2605; x_wconf 89' lang='lat' dir='ltr'><strong>mater,</strong></span> 
     </span>
    </p>
   </div>
   <div class='ocr_carea' id='block_1_3' title="bbox 24 2653 1169 2748">
    <p class='ocr_par' dir='ltr' id='par_1_9' title="bbox 24 2653 1169 2748">
     <span class='ocr_line' id='line_1_16' title="bbox 24 2653 1169 2748; baseline 0 -22"><span class='ocrx_word' id='word_1_106' title='bbox 24 2653 26 2664; x_wconf 72' lang='grc'><strong>’</strong></span> <span class='ocrx_word' id='word_1_107' title='bbox 99 2661 276 2748; x_wconf 84' lang='lat' dir='ltr'><strong>inquirere,</strong></span> <span class='ocrx_word' id='word_1_108' title='bbox 315 2660 400 2744; x_wconf 90' lang='lat' dir='ltr'><strong>quod</strong></span> <span class='ocrx_word' id='word_1_109' title='bbox 431 2683 516 2726; x_wconf 90' lang='lat' dir='ltr'><strong>unus</strong></span> <span class='ocrx_word' id='word_1_110' title='bbox 547 2661 807 2748; x_wconf 84' lang='lat' dir='ltr'><strong>gravissimorum</strong></span> <span class='ocrx_word' id='word_1_111' title='bbox 845 2683 903 2746; x_wconf 89' lang='lat' dir='ltr'><strong>pro</strong></span> <span class='ocrx_word' id='word_1_112' title='bbox 947 2662 1122 2726; x_wconf 85' lang='lat' dir='ltr'><strong>minoribus</strong></span> <span class='ocrx_word' id='word_1_113' title='bbox 1167 2699 1169 2702; x_wconf 93' lang='lat'>·</span> 
     </span>
    </p>
   </div>
   <div class='ocr_carea' id='block_1_4' title="bbox 99 2791 1122 2880">
    <p class='ocr_par' dir='ltr' id='par_1_10' title="bbox 7 2757 1122 2884">
     <span class='ocr_line' id='line_1_17' title="bbox 99 2791 1122 2880; baseline 0 -23"><span class='ocrx_word' id='word_1_114' title='bbox 99 2793 316 2880; x_wconf 86' lang='lat' dir='ltr'><strong>gerendorum</strong></span> <span class='ocrx_word' id='word_1_115' title='bbox 347 2803 477 2857; x_wconf 84' lang='lat' dir='ltr'><strong>actuum</strong></span> <span class='ocrx_word' id='word_1_116' title='bbox 507 2791 569 2857; x_wconf 88' lang='lat' dir='ltr'><strong>dici</strong></span> <span class='ocrx_word' id='word_1_117' title='bbox 598 2802 712 2878; x_wconf 90' lang='lat' dir='ltr'><strong>potest.</strong></span> <span class='ocrx_word' id='word_1_118' title='bbox 764 2791 919 2879; x_wconf 82' lang='lat' dir='ltr'><strong>Negando</strong></span> <span class='ocrx_word' id='word_1_119' title='bbox 949 2792 1025 2857; x_wconf 88' lang='lat' dir='ltr'><strong>huie</strong></span> <span class='ocrx_word' id='word_1_120' title='bbox 1057 2815 1122 2858; x_wconf 89' lang='lat' dir='ltr'><strong>res·</strong></span> 
     </span>
    </p>
   </div>
   <div class='ocr_carea' id='block_1_5' title="bbox 7 2894 1163 3820">
    <p class='ocr_par' dir='ltr' id='par_1_11' title="bbox 7 2894 1121 3018">
     <span class='ocr_line' id='line_1_18' title="bbox 7 2894 1121 3010; baseline 0.002 -22"><span class='ocrx_word' id='word_1_121' title='bbox 7 2967 9 2996; x_wconf 80' lang='grc'>;</span> <span class='ocrx_word' id='word_1_122' title='bbox 100 2924 244 3010; x_wconf 90' lang='lat' dir='ltr'><strong>pondere</strong></span> <span class='ocrx_word' id='word_1_123' title='bbox 266 2947 331 2988; x_wconf 90' lang='lat' dir='ltr'><strong>non</strong></span> <span class='ocrx_word' id='word_1_124' title='bbox 360 2894 553 2988; x_wconf 88' lang='lat' dir='ltr'><strong>dubitamus.</strong></span> <span class='ocrx_word' id='word_1_125' title='bbox 591 2921 626 2990; x_wconf 84' lang='lat' dir='ltr'><strong>Si</strong></span> <span class='ocrx_word' id='word_1_126' title='bbox 656 2924 741 2988; x_wconf 91' lang='lat' dir='ltr'><strong>enim</strong></span> <span class='ocrx_word' id='word_1_127' title='bbox 771 2923 981 2988; x_wconf 88' lang='lat' dir='ltr'><strong>ministerium</strong></span> <span class='ocrx_word' id='word_1_128' title='bbox 1008 2927 1121 2991; x_wconf 90' lang='lat' dir='ltr'><strong>tutoris</strong></span> 
     </span>
    </p>

    <p class='ocr_par' dir='ltr' id='par_1_12' title="bbox 7 3056 1121 3160">
     <span class='ocr_line' id='line_1_19' title="bbox 7 3056 1121 3160; baseline -0.003 -38"><span class='ocrx_word' id='word_1_129' title='bbox 7 3145 9 3160; x_wconf 78' lang='lat'><strong>.</strong></span> <span class='ocrx_word' id='word_1_130' title='bbox 101 3057 255 3122; x_wconf 78' lang='lat' dir='ltr'><strong>universe</strong></span> <span class='ocrx_word' id='word_1_131' title='bbox 288 3081 325 3122; x_wconf 90' lang='lat' dir='ltr'><strong>eo</strong></span> <span class='ocrx_word' id='word_1_132' title='bbox 355 3056 484 3122; x_wconf 89' lang='lat' dir='ltr'><strong>tendere</strong></span> <span class='ocrx_word' id='word_1_133' title='bbox 512 3056 615 3132; x_wconf 86' lang='lat' dir='ltr'><strong>debet,</strong></span> <span class='ocrx_word' id='word_1_134' title='bbox 648 3065 686 3118; x_wconf 91' lang='lat' dir='ltr'><strong>ut</strong></span> <span class='ocrx_word' id='word_1_135' title='bbox 720 3078 816 3139; x_wconf 88' lang='lat' dir='ltr'><strong>quam</strong></span> <span class='ocrx_word' id='word_1_136' title='bbox 847 3057 985 3120; x_wconf 84' lang='lat' dir='ltr'><strong>maxime</strong></span> <span class='ocrx_word' id='word_1_137' title='bbox 1007 3058 1121 3143; x_wconf 90' lang='lat' dir='ltr'><strong>pupilli</strong></span> 
     </span>
    </p>

    <p class='ocr_par' dir='ltr' id='par_1_13' title="bbox 7 3187 1120 3277">
     <span class='ocr_line' id='line_1_20' title="bbox 7 3187 1120 3277; baseline -0.001 -21"><span class='ocrx_word' id='word_1_138' title='bbox 7 3239 8 3256; x_wconf 57' lang='lat'>2</span> <span class='ocrx_word' id='word_1_139' title='bbox 101 3191 316 3277; x_wconf 76' lang='lat' dir='ltr'><strong>prospiciatur</strong></span> <span class='ocrx_word' id='word_1_140' title='bbox 345 3189 451 3268; x_wconf 90' lang='lat' dir='ltr'><strong>saluti,</strong></span> <span class='ocrx_word' id='word_1_141' title='bbox 477 3211 542 3254; x_wconf 90' lang='lat' dir='ltr'><strong>non</strong></span> <span class='ocrx_word' id='word_1_142' title='bbox 571 3199 677 3253; x_wconf 86' lang='lat' dir='ltr'><strong>tamen</strong></span> <span class='ocrx_word' id='word_1_143' title='bbox 708 3187 780 3274; x_wconf 79' lang='lat' dir='ltr'><strong>lege</strong></span> <span class='ocrx_word' id='word_1_144' title='bbox 799 3188 898 3253; x_wconf 84' lang='lat' dir='ltr'><strong>tutori</strong></span> <span class='ocrx_word' id='word_1_145' title='bbox 919 3189 1120 3255; x_wconf 87' lang='lat' dir='ltr'><strong>tribuendam</strong></span> 
     </span>
    </p>

    <p class='ocr_par' dir='ltr' id='par_1_14' title="bbox 7 3311 1121 3407">
     <span class='ocr_line' id='line_1_21' title="bbox 7 3311 1121 3407; baseline 0.001 -23"><span class='ocrx_word' id='word_1_146' title='bbox 7 3311 9 3326; x_wconf 62' lang='grc'>’</span> <span class='ocrx_word' id='word_1_147' title='bbox 45 3392 47 3396; x_wconf 50' lang='grc'>,</span> <span class='ocrx_word' id='word_1_148' title='bbox 100 3321 287 3386; x_wconf 82' lang='lat' dir='ltr'><strong>facultatem</strong></span> <span class='ocrx_word' id='word_1_149' title='bbox 314 3331 474 3407; x_wconf 86' lang='lat' dir='ltr'><strong>putamus,</strong></span> <span class='ocrx_word' id='word_1_150' title='bbox 500 3322 655 3386; x_wconf 89' lang='lat' dir='ltr'><strong>actionem</strong></span> <span class='ocrx_word' id='word_1_151' title='bbox 677 3319 876 3396; x_wconf 88' lang='lat' dir='ltr'><strong>instituendi,</strong></span> <span class='ocrx_word' id='word_1_152' title='bbox 900 3321 1029 3384; x_wconf 91' lang='lat' dir='ltr'><strong>cuinon</strong></span> <span class='ocrx_word' id='word_1_153' title='bbox 1045 3344 1121 3386; x_wconf 90' lang='lat' dir='ltr'><strong>auc-</strong></span> 
     </span>
    </p>

    <p class='ocr_par' dir='ltr' id='par_1_15' title="bbox 7 3431 1163 3674">
     <span class='ocr_line' id='line_1_22' title="bbox 7 3431 1163 3553; baseline 0 -35"><span class='ocrx_word' id='word_1_154' title='bbox 7 3431 9 3504; x_wconf 61' lang='grc' dir='ltr'>Ῐ</span> <span class='ocrx_word' id='word_1_155' title='bbox 98 3454 228 3518; x_wconf 86' lang='lat' dir='ltr'><strong>toritate</strong></span> <span class='ocrx_word' id='word_1_156' title='bbox 243 3453 361 3538; x_wconf 88' lang='lat' dir='ltr'><strong>judicis</strong></span> <span class='ocrx_word' id='word_1_157' title='bbox 373 3453 570 3519; x_wconf 88' lang='lat' dir='ltr'><strong>cantonnalis</strong></span> <span class='ocrx_word' id='word_1_158' title='bbox 593 3475 671 3539; x_wconf 90' lang='lat' dir='ltr'><strong>opus</strong></span> <span class='ocrx_word' id='word_1_159' title='bbox 694 3462 753 3529; x_wconf 89' lang='lat' dir='ltr'><strong>est,</strong></span> <span class='ocrx_word' id='word_1_160' title='bbox 779 3475 854 3517; x_wconf 91' lang='lat' dir='ltr'><strong>suae</strong></span> <span class='ocrx_word' id='word_1_161' title='bbox 877 3462 1001 3517; x_wconf 87' lang='lat' dir='ltr'><strong>tantum</strong></span> <span class='ocrx_word' id='word_1_162' title='bbox 1023 3476 1120 3539; x_wconf 85' lang='lat' dir='ltr'><strong>pecu·</strong></span> <span class='ocrx_word' id='word_1_163' title='bbox 1160 3549 1163 3553; x_wconf 11' lang='grc' dir='ltr'><strong>Α</strong></span> 
     </span>
     <span class='ocr_line' id='line_1_23' title="bbox 97 3585 1119 3674; baseline 0 -24"><span class='ocrx_word' id='word_1_164' title='bbox 97 3587 322 3673; x_wconf 88' lang='lat' dir='ltr'><strong>niaepericulo</strong></span> <span class='ocrx_word' id='word_1_165' title='bbox 346 3586 438 3674; x_wconf 88' lang='lat' dir='ltr'><strong>(Art.</strong></span> <span class='ocrx_word' id='word_1_166' title='bbox 465 3589 527 3653; x_wconf 80' lang='lat'><strong>461</strong></span> <span class='ocrx_word' id='word_1_167' title='bbox 553 3586 593 3654; x_wconf 87' lang='lat' dir='ltr'><strong>C.</strong></span> <span class='ocrx_word' id='word_1_168' title='bbox 620 3585 700 3674; x_wconf 82' lang='lat' dir='ltr'><strong>G.);</strong></span> <span class='ocrx_word' id='word_1_169' title='bbox 726 3586 817 3672; x_wconf 90' lang='lat' dir='ltr'><strong>cujus</strong></span> <span class='ocrx_word' id='word_1_170' title='bbox 839 3587 954 3663; x_wconf 85' lang='lat' dir='ltr'><strong>exitus,</strong></span> <span class='ocrx_word' id='word_1_171' title='bbox 979 3588 1006 3650; x_wconf 90' lang='lat' dir='ltr'><strong>si</strong></span> <span class='ocrx_word' id='word_1_172' title='bbox 1028 3589 1119 3674; x_wconf 84' lang='lat' dir='ltr'><strong>agni-</strong></span> 
     </span>
    </p>

    <p class='ocr_par' dir='ltr' id='par_1_16' title="bbox 7 3718 1116 3820">
     <span class='ocr_line' id='line_1_24' title="bbox 7 3718 1116 3820; baseline 0.001 -39"><span class='ocrx_word' id='word_1_173' title='bbox 7 3795 9 3820; x_wconf 26' lang='lat'>?</span> <span class='ocrx_word' id='word_1_174' title='bbox 97 3719 220 3784; x_wconf 87' lang='lat' dir='ltr'><strong>tionem</strong></span> <span class='ocrx_word' id='word_1_175' title='bbox 240 3729 400 3784; x_wconf 87' lang='lat' dir='ltr'><strong>assecutus</strong></span> <span class='ocrx_word' id='word_1_176' title='bbox 424 3731 481 3800; x_wconf 89' lang='lat' dir='ltr'><strong>est,</strong></span> <span class='ocrx_word' id='word_1_177' title='bbox 497 3742 536 3783; x_wconf 85' lang='lat' dir='ltr'><strong>an</strong></span> <span class='ocrx_word' id='word_1_178' title='bbox 559 3718 681 3805; x_wconf 92' lang='lat' dir='ltr'><strong>pupillo</strong></span> <span class='ocrx_word' id='word_1_179' title='bbox 705 3742 857 3803; x_wconf 87' lang='lat' dir='ltr'><strong>umquam</strong></span> <span class='ocrx_word' id='word_1_180' title='bbox 866 3718 1053 3806; x_wconf 83' lang='lat' dir='ltr'><strong>profuturus</strong></span> <span class='ocrx_word' id='word_1_181' title='bbox 1065 3721 1116 3799; x_wconf 89' lang='lat' dir='ltr'><strong>sit,</strong></span> 
     </span>
    </p>
   </div>
   <div class='ocr_carea' id='block_1_6' title="bbox 129 3841 446 3936">
    <p class='ocr_par' dir='ltr' id='par_1_17' title="bbox 129 3841 446 3936">
     <span class='ocr_line' id='line_1_25' title="bbox 129 3841 446 3936; baseline -0.006 -11"><span class='ocrx_word' id='word_1_182' title='bbox 129 3879 139 3914; x_wconf 83' lang='lat'>¹</span> <span class='ocrx_word' id='word_1_183' title='bbox 162 3869 207 3926; x_wconf 82' lang='lat' dir='ltr'><strong>cf.</strong></span> <span class='ocrx_word' id='word_1_184' title='bbox 228 3871 288 3924; x_wconf 77' lang='lat' dir='ltr'><strong>nrt.</strong></span> <span class='ocrx_word' id='word_1_185' title='bbox 309 3875 342 3924; x_wconf 81' lang='lat' dir='ltr'><strong>os</strong></span> <span class='ocrx_word' id='word_1_186' title='bbox 362 3869 398 3936; x_wconf 69' lang='lat' dir='ltr'><strong>e„</strong></span> <span class='ocrx_word' id='word_1_187' title='bbox 415 3841 446 3924; x_wconf 77' lang='lat' dir='ltr'><strong>C.</strong></span> 
     </span>
    </p>
   </div>
   <div class='ocr_carea' id='block_1_7' title="bbox 0 0 1396 5092">
    <p class='ocr_par' dir='ltr' id='par_1_18' title="bbox 0 0 1396 5092">
     <span class='ocr_line' id='line_1_26' title="bbox 0 0 1396 5092; baseline 0 0"><span class='ocrx_word' id='word_1_188' title='bbox 0 0 1396 5092; x_wconf 95' lang='lat' dir='ltr'><strong> </strong></span> 
     </span>
    </p>
   </div>
  </div>
 </body>
</html>
