2784 5092
600 501 642 591 55

93 751 160 817 die
184 751 369 837 Emiehung
390 751 446 815 des
469 748 622 815 Mundels
644 770 685 812 zu
707 748 815 826 leiten,
839 746 930 812 nicht
949 747 1011 812 den
1022 724 1134 811 Rechss
1182 824 1191 845 .

93 893 161 950 ten
185 884 242 949 der
263 882 458 947 Elterlichen
473 881 601 948 Gewalt
625 879 927 968 Eintragthun1.”
958 880 1128 945 Praeterea

92 1043 213 1085 nonne
245 1018 340 1083 etiam
369 1016 431 1081 hoc
462 1025 596 1081 matrem
626 1016 667 1081 ab
697 1014 896 1103 agnoscendo
929 1014 1124 1094 abhorreret,

93 1154 204 1221 semel
225 1154 299 1219 dato
328 1178 348 1217 a
366 1152 475 1238 judice
496 1151 679 1217 cantonnali
701 1161 817 1230 tutore,
849 1174 1004 1238 cumpro
1026 1150 1127 1215 nihilo

96 1312 141 1353 se
173 1298 309 1353 matrem
338 1286 510 1351 affuturam
542 1284 658 1351 certior
689 1286 795 1351 esset?
848 1274 932 1353 Satis
962 1286 1031 1371 jam
1059 1286 1127 1372 ipse

96 1427 209 1483 status
246 1418 385 1483 conditio
417 1419 590 1483 liberorum
622 1418 817 1483 naturalium
851 1418 949 1505 vulgo
973 1426 1127 1504 parentes

96 1564 202 1639 atque
232 1553 348 1618 liberos
381 1577 400 1617 a
433 1577 466 1618 se
498 1554 636 1618 invicem
670 1555 816 1632 secernit,
848 1576 922 1619 cum
952 1552 1126 1617 liberorum

98 1688 292 1753 exsistentia
324 1688 475 1752 continua
507 1688 548 1752 sit
569 1688 679 1751 matris
705 1688 914 1752 contumeliae
936 1684 1122 1751 recontlatio.

98 1820 228 1886 Melius
257 1822 368 1908 igitur,
404 1822 431 1886 si
453 1843 549 1906 quam
572 1822 720 1899 maxime,
746 1821 941 1908 praesertim¹
956 1819 1126 1885 utilitatem

90 1953 281 2020 liberorum
309 1964 495 2040 spectantes,
527 1966 673 2041 parentes
696 1956 873 2041 liberosque
896 1954 1055 2019 naturales
1078 1954 1127 2019 in-

97 2090 183 2155 timo
205 2089 367 2155 conciliari
389 2110 542 2153 conemur
563 2089 704 2153 vinculo.
760 2088 891 2166 Utilitas,
917 2089 1059 2173 inquam,
1085 2087 1124 2151 li-

98 2223 254 2290 berorum
275 2224 382 2288 etiam
405 2222 456 2288 hic
479 2224 520 2288 sit
542 2244 690 2309 suprema
712 2222 775 2287 lex.
823 2221 898 2287 Non
921 2221 1024 2308 igitur
1043 2242 1124 2305 quae

98 2378 202 2443 supra
223 2356 308 2421 dicto
329 2367 405 2421 sunt
426 2357 514 2421 omni
535 2378 612 2421 casu
633 2356 787 2443 applicari
810 2355 970 2421 volumus.
996 2354 1054 2419 Est
1068 2363 1121 2418 tu·

99 2488 182 2553 toris
204 2488 340 2575 vigilare
361 2511 402 2553 ne
424 2488 536 2572 quovis
558 2489 667 2553 matris
690 2499 776 2566 actu,
790 2488 935 2573 quamvis
944 2508 1010 2553 non
1020 2488 1121 2574 ipsam

98 2619 406 2685 administmtionem
429 2590 587 2699 attinenti,
617 2622 733 2709 pupilli
755 2622 926 2689 commodis
948 2622 1005 2687 fiat
1026 2621 1123 2686 detri-

100 2764 272 2832 mentum3
298 2755 421 2839 quoties
453 2756 548 2821 etiam
571 2756 611 2821 ad
633 2780 743 2822 curam
765 2769 797 2837 et
819 2757 1036 2822 educationem
1058 2776 1123 2819 non

101 2885 253 2951 idoneam
274 2910 341 2951 esse
363 2897 496 2952 matrem
518 2878 680 2976 intelligit,
706 2889 766 2956 hac
789 2890 828 2955 de
849 2912 885 2955 re
906 2889 1053 2955 decernat
1069 2889 1123 2975 ju-

18 3049 19 3052 *
101 3018 178 3084 dex.
226 3018 518 3106 Jun'sprndcntia²
554 3021 594 3085 de
623 3033 724 3087 matre
745 3022 888 3109 legitima
909 3023 1120 3101 confirmavit,

19 3209 20 3234 ι
102 3177 171 3219 non
193 3161 372 3240 semperi
339 3154 391 3219 hic
414 3155 544 3220 eandem
560 3178 626 3221 esse
646 3156 838 3242 sequendam
849 3156 1008 3245 regulam
1022 3180 1122 3241 quan-

19 3275 20 3424 ι
102 3299 177 3355 tum
198 3292 1118 3377 magisnatural1d1ffidendummar1⁹ItazACHARIAE³
1222 3355 1228 3363 .

20 3565 22 3868 ι

21 4083 23 4190 ι

104 3422 145 3488 de
179 3424 364 3509 parentibus
394 3426 592 3492 naturalibus
624 3429 669 3493 sio
701 3429 746 3493 ait
781 3427 862 3508 „Sie
885 3430 987 3494 haben
1006 3429 1121 3514 jedoch

140 3604 148 3635 ¹
180 3620 358 3673 zncnmunn,
378 3607 402 3673 Ι,
424 3611 517 3675 5112,
540 3626 569 3678 p.
590 3613 651 3660 272.

144 3694 224 3751 ²01⁴.
256 3694 383 3753 Weckbl.
416 3700 464 3753 11⁰.
497 3706 573 3755 1384.
611 3701 715 3758 Vonnis
734 3701 795 3756 Arr.
816 3702 916 3771 Regtb.
938 3702 1119 3771 Amsterdam,

104 3788 210 3859 oJulij
231 3795 308 3843 1852.

145 3880 158 3913 ²
180 3882 235 3950 III,
255 3886 270 3951 ξ
289 3888 350 3951 571,
370 3903 398 3955 p.
419 3892 480 3941 433.
