2784 5092
653 575 673 640 5

154 793 237 879 agit3
260 793 335 856 lieet
348 767 440 856 enim
460 793 499 858 de
517 791 580 858 illis
596 794 783 861 dissentiant
800 806 954 876 auctores,
972 799 1174 885 enutrisque

155 922 336 990 viventibus
358 925 553 1012 parentibus,
576 935 696 993 tutores
717 929 825 995 adesse
845 939 974 1015 queant,
998 929 1059 995 hae
1079 931 1118 996 de
1137 953 1173 998 re

154 1081 236 1144 pene
265 1081 374 1123 omnes
403 1058 609 1136 conveniunt,
642 1058 795 1125 alterutro
824 1070 966 1140 mortuo,
999 1061 1172 1148 hospitium

154 1189 287 1254 tutelam
314 1213 435 1277 gerere,
466 1191 551 1276 quod
578 1215 653 1257 sane
679 1192 796 1258 rationi
816 1203 849 1259 et
868 1216 963 1259 sanae
982 1194 1171 1281 iuterpreta-

127 1382 129 1390 .
153 1321 234 1386 tioui
253 1321 333 1410 legis
353 1323 522 1388 verborum
541 1325 678 1390 maxime
698 1335 746 1390 est
765 1336 1023 1392 consentaneum.
1045 1334 1057 1371 ¹
1095 1327 1169 1392 Ma·

153 1455 239 1520 xime
266 1477 342 1520 vero
369 1454 422 1520 hto
450 1455 628 1544 significare
652 1458 812 1538 volumus,
834 1458 950 1527 liberos
970 1459 1130 1525 naturales
1149 1483 1170 1526 a

152 1600 267 1656 neutro
293 1599 461 1676 parentum
488 1591 623 1677 agnitos,
646 1591 699 1656 vel
719 1590 761 1656 ab
780 1591 943 1670 alterutro,
966 1614 1008 1656 ue
1027 1591 1169 1656 dicamus

153 1715 202 1804 de!
218 1717 292 1797 illis,
316 1718 370 1804 qui
391 1718 431 1783 ab
451 1729 585 1804 utroque
606 1684 680 1786 sunt
700 1720 813 1806 agniti,
834 1720 902 1806 qui,
925 1742 968 1784 an
988 1719 1048 1785 sub
1069 1718 1169 1784 tutela

150 1873 218 1918 esse
236 1851 357 1938 possint
377 1849 480 1916 adhuc
501 1851 641 1936 quaestio
662 1861 721 1916 est.
739 1856 752 1894 ²

195 1984 319 2050 Mirum
337 2007 411 2050 sane
426 1983 522 2049 etiam
541 1985 727 2071 praecipuos
746 1983 843 2052 IOtos
863 1983 923 2049 hac
944 1985 984 2050 de
1004 2007 1039 2049 re
1049 1994 1165 2063 tacere,

151 2118 296 2204 quamvis
322 2116 456 2202 alicujus
471 2091 636 2182 'momenti
663 2117 861 2201 quaestiones
893 2116 967 2181 inde
1011 2116 1168 2203 profluere

149 2271 252 2337 posse,
279 2271 345 2316 non
370 2250 411 2315 sit
435 2248 629 2336 negandum.
663 2247 741 2316 Siue
761 2247 859 2314 <lubio
880 2247 1053 2327 liberorum
1073 2257 1168 2314 natu·
1198 2232 1200 2238 ’

152 2371 270 2450 ralium
295 2382 432 2448 maxime
459 2383 601 2460 interest,
623 2391 661 2445 ut
685 2403 796 2446 eorum
815 2381 915 2446 tutela
934 2381 1054 2468 precise
1073 2392 1169 2467 atque

151 2525 297 2582 accurate
323 2514 395 2602 lege
421 2524 562 2602 regatur.
577 2512 730 2578 -Etenim
761 2512 899 2578 minores
925 2511 1103 2600 legitimos,
1142 2513 1168 2577 si

149 2651 293 2738 utrisque
318 2648 514 2737 patentibus,
537 2647 589 2714 vel
617 2648 728 2714 saltem
749 2648 910 2714 *alterutro
934 2647 1039 2713 orbos·
1056 2658 1167 2714 contra

147 2781 364 2847 infirmitatem
390 2789 544 2846 tuenntnr
570 2781 668 2869 leges,
700 2803 753 2847 eos
781 2803 870 2860 cura,
893 2780 1164 2846 administratione

147 2925 243 3001 atque
272 2914 410 2980 consiliis
439 2923 582 2980 tutorum
611 2913 848 3001 prosequendo,
888 2937 1034 3001 expressa
1070 2927 1165 3001 atque

147 3030 338 3109 sufficientia
365 3039 506 3144 ipsorum
533 3043 636 3131 gratie
664 3053 782 3109 statute
809 3042 993 3122 sanciendo,
1023 3065 1098 3108 eum
1115 3045 1164 3107 in·

147 3217 261 3272 daartoe
283 3217 431 3285 behooreu,
455 3219 541 3273 endor
562 3217 596 3273 de
613 3217 727 3292 voogdij
748 3235 803 3271 van
828 3217 862 3272 de
889 3222 1019 3288 regenten
1041 3233 1095 3270 van
1117 3217 1166 3270 dat

144 3309 293 3383 gestiente*

6 3473 8 3480 .
126 3421 129 3438 ¹
186 3423 262 3480 ¹ot
284 3439 311 3480 J·
331 3441 371 3480 nu
400 3439 487 3480 vams
515 3424 543 3480 in
574 3423 716 3496 Regtsgel.
743 3423 829 3496 sisti,
848 3424 904 3493 111,
940 3429 1002 3478 236.
1021 3423 1164 3494 Regtsgel.

146 3518 286 3574 Adviezen
312 3517 353 3573 11.
383 3517 470 3590 Bnrg.
493 3518 576 3590 Regi,
600 3521 643 3571 n⁰.
667 3523 692 3572 6.
712 3533 824 3584 nunus,
847 3518 875 3572 in
895 3517 968 3573 Nes.
990 3517 1088 3573 Jaarb.
1111 3532 1166 3568 van

147 3628 209 3668 nnn
235 3627 293 3666 max
322 3629 356 3667 en
381 3613 554 3679 vanusne,
574 3609 614 3678 X,
639 3614 791 3664 407-423.
824 3624 991 3675 onzoouaa,
1017 3608 1044 3677 I,
1061 3627 1089 3680 p.
1116 3613 1165 3660 1⁷5
1218 3612 1221 3617 ’

146 3709 254 3760 et188·
272 3719 425 3768 omnums,
446 3703 487 3772 11,
513 3709 564 3758 809
584 3709 612 3759 et
631 3706 692 3758 ast.
712 3716 752 3756 nu
773 3715 874 3769 mmo,
897 3701 938 3769 11,
959 3719 988 3773 p.
1014 3693 1075 3756 132.
1096 3693 1190 3754 van?

146 3796 434 3868 mnesteus
457 3795 543 3852 (1.0.
643 3857 645 3865 ¹

182 3919 191 3942 ²
214 3911 285 3967 Vite
303 3911 384 3982 intra,
404 3911 476 3970 Soet.
496 3910 527 3966 11
544 3915 559 3982 ξ
577 3917 601 3965 1.
695 3990 697 4002 Ι
