2784 5092
734 506 774 568 18

242 729 465 820 perscribenda
486 738 558 796 acta
579 751 599 794 a
620 725 809 815 magistratu
837 733 938 791 status
970 725 1073 792 civilis
1110 725 1170 814 (al.
1210 729 1267 818 2);
1374 774 1375 830 3

243 864 339 949 hujus
372 863 434 928 acti
467 860 543 929 Art.
580 861 622 928 31
656 857 696 927 O.
741 856 782 926 0.
833 857 963 944 exponit
994 857 1141 936 formam,
1180 858 1270 924 inter
1374 962 1375 969 ἵ

243 1004 367 1060 caetera
399 995 495 1060 etiam
526 1001 694 1080 parentum
727 1012 843 1055 nomen
875 989 1099 1054 declarandum
1121 991 1267 1075 jubens,
1374 976 1375 1011 ¹

244 1138 277 1193 et
299 1137 360 1192 art.
387 1128 430 1192 30
463 1125 503 1194 Ο.
529 1124 570 1194 Ο.
595 1146 744 1212 personas
766 1122 897 1201 indicat,
925 1123 1040 1207 quibus
1069 1123 1130 1188 hoc
1161 1123 1274 1189 decla·
1374 1170 1375 1201 ,

243 1257 335 1324 randi
379 1256 535 1322 incumbit
577 1277 669 1334 onus,
704 1253 773 1321 scil.
813 1262 851 1330 ut
897 1253 991 1340 plene
1027 1265 1059 1322 et
1094 1257 1275 1324 secundum
1374 1236 1375 1239 Ἴ

249 1391 331 1478 legis
364 1412 520 1467 normam,
553 1387 594 1453 ad
624 1387 813 1476 legislatoris
844 1385 1100 1452 satisfaciendum
1121 1387 1271 1465 consilio,
1374 1362 1375 1445 l

247 1523 354 1590 officio
374 1522 560 1610 fungantur.
586 1519 629 1584 Et
648 1528 685 1584 ut
702 1519 764 1584 hoc
772 1519 920 1604 impetret
928 1518 1131 1606 magistratus
1141 1519 1277 1586 omnino
1374 1552 1375 1557 ¹

250 1678 416 1722 recurrere
448 1664 552 1742 potest
584 1652 625 1718 ad
656 1652 739 1739 legis
769 1651 910 1737 poenalis
931 1652 1163 1731 coercitionem,
1188 1676 1276 1738 quae

245 1784 320 1848 licet
342 1780 419 1848 Art.
446 1783 509 1848 346
533 1779 614 1847 Cod.
639 1779 741 1846 Poen.
766 1779 862 1844 unice
883 1777 973 1844 Aru.
999 1780 1042 1846 55
1065 1790 1097 1845 et
1119 1779 1270 1848 560.N.
1374 1850 1375 1855 ,

247 1912 355 2000 (Aru.
392 1915 433 1980 29
466 1923 498 1978 et
520 1913 563 1978 30
594 1910 634 1979 O.
660 1910 702 1980 O.
731 1911 848 2000 nostri)
871 1910 1025 1998 designet,
1064 1911 1277 1978 nihilominus

247 2049 342 2132 etiam
365 2057 505 2134 spectare
527 2045 653 2112 videtur
675 1999 753 2111 Art
778 2047 833 2123 31,
858 2045 914 2130 qui
940 2055 1064 2112 tantum
1087 2047 1177 2131 quasi
1199 2069 1278 2134 pars

250 2180 326 2246 Art.
342 2181 383 2246 29
397 2203 475 2259 esse,
500 2189 556 2244 aut
567 2179 635 2265 ejus
646 2178 858 2244 exsecutionis
868 2179 999 2243 modum
1008 2180 1170 2246 continere
1179 2180 1275 2246 nobis
1346 2206 1351 2208 ’
1374 2268 1375 2271 ¹

250 2313 387 2378 videtur.
443 2311 625 2376 Declaratio
648 2310 803 2375 elementa
832 2311 1045 2396 perscribendi
1078 2313 1141 2377 acti
1176 2335 1271 2399 prae-
1374 2398 1375 2407 ἵ

249 2444 324 2510 berc
370 2441 475 2521 debet,
525 2452 557 2506 ct
602 2441 708 2528 ipsum
739 2440 801 2506 hoc
837 2452 875 2506 ut
901 2442 1067 2533 impetret,
1121 2453 1154 2507 et
1195 2442 1275 2528 quia

249 2573 460 2638 marsanam
499 2581 624 2638 tantum
659 2576 816 2659 ,aarum
851 2574 957 2653 habet,
995 2597 1059 2660 quo
1100 2575 1275 2661 impedium
1374 2560 1375 2593 ³

251 2705 456 2790 quominusa
492 2703 713 2770 declarationis
734 2707 893 2791 requisitis
914 2707 1033 2772 alienas
1055 2707 1201 2772 instituat
1222 2707 1275 2772 in-
1374 2714 1375 2749 l

153 2857 155 2864 ’
251 2839 446 2925 quisitiones,
471 2836 542 2924 lege
563 2836 683 2902 sancito
705 2840 869 2905 coercendi
890 2841 984 2906 modo
1008 2842 1152 2907 munitur
1173 2850 1276 2907 status
1374 2886 1375 2893 κ

253 2971 363 3038 civilis.
387 2969 601 3057 magistratus,
631 2991 730 3055 quare
752 2994 790 3036 co
811 2973 913 3060 magis
934 2997 1051 3040 nomen
1073 2974 1183 3040 matris
1219 2998 1276 3041 ro·
1374 2958 1375 3015 3

252 3103 348 3196 pandi
379 3099 512 3166 facultas
534 3100 565 3168 ei
586 3101 765 3168 tribuenda.
871 3167 879 3173 ,
1097 3157 1101 3162 ,
1374 3178 1375 3205 ¹

298 3231 356 3300 Ad
377 3235 475 3302 IIIum
497 3246 529 3302 et
561 3235 666 3314 IV⁰1113
695 3236 892 3316 Periculum,
917 3239 1002 3324 quod
1033 3239 1085 3304 hic
1107 3239 1275 3306 imminere
1370 3230 1376 3261 ⁴

208 3446 212 3458 Ι
255 3366 381 3449 dicitur,
417 3394 458 3436 ue
489 3379 590 3436 mater
622 3371 728 3456 potius
755 3371 949 3437 medicorum
981 3372 1136 3438 auxilium
1168 3376 1272 3461 repel-
1374 3414 1375 3446 1

254 3505 311 3583 lat,
347 3515 378 3571 et
399 3505 444 3572 ita
466 3529 499 3572 sc
521 3515 553 3572 et
574 3503 729 3573 infantem
751 3506 851 3572 exitui
872 3515 1020 3592 exponat,
1049 3506 1274 3596 potiusquam
1374 3544 1375 3577 r

255 3636 415 3704 dedecoris
437 3638 488 3704 sui
519 3636 646 3724 publice
667 3636 810 3724 profiteri
830 3637 910 3704 velit
930 3636 1156 3721 testimonium,
1181 3646 1274 3731 valde
1374 3692 1375 3733 p

256 3774 337 3840 illud
359 3778 419 3844 hoc
452 3801 519 3845 esse
547 3777 650 3851 levius
682 3800 847 3847 censemus
878 3777 993 3856 abusu,
1028 3779 1175 3849 mulieres
1207 3806 1272 3850 non
