2784 5092
715 541 756 605 86

236 771 303 857 bus
321 774 468 854 parentes
491 784 617 828 necesse
639 773 697 840 est,
724 785 827 847 neque
850 763 935 831 ultra
945 766 1028 850 juris
1038 769 1155 854 placita
1164 772 1265 837 alter-

236 906 302 970 utri
324 901 546 991 denegandum
561 910 620 978 est,
645 900 731 985 quod
740 902 883 985 utrisque
899 912 1014 967 natura
1024 912 1071 969 est
1089 906 1263 971 tributum.

239 1030 349 1112 Quare
371 1029 475 1093 varias
504 1026 591 1090 omni
624 1034 766 1110 tempore
798 1025 838 1090 de
870 1026 931 1091 heo
969 1030 1153 1112 quaestione
1179 1032 1264 1097 latas

241 1159 327 1247 apud
349 1158 521 1223 Francioos
544 1156 716 1220 sententias
737 1154 869 1242 scriptas
889 1155 1082 1223 invenimus.
1112 1158 1122 1195 ¹

185 1278 190 1288 ¹
285 1289 399 1374 Neque
421 1290 520 1375 igitur
554 1288 592 1353 iis
624 1287 843 1366 convenimus,
878 1289 934 1373 qui
967 1290 1111 1357 absolute
1143 1315 1265 1381 magno

244 1447 301 1489 suo
337 1446 444 1487 amore
476 1444 598 1507 semper
631 1421 777 1487 idoneam
807 1444 874 1488 esse
906 1422 947 1488 ad
977 1424 1092 1491 liberos
1123 1427 1265 1495 educan-

244 1560 300 1625 dos
327 1567 340 1603 ²
366 1568 500 1623 matrem
537 1555 733 1642 praedicant,
769 1566 827 1621 aut
857 1566 992 1643 patrem,
1026 1560 1164 1625 nominis
1198 1562 1264 1641 sui,

245 1714 308 1776 quo
341 1689 543 1775 appellantrir
577 1688 684 1766 liberi,
714 1688 795 1753 bene
831 1689 986 1755 audiundi
1019 1692 1123 1779 gretia
1147 1700 1177 1772 ³,
1213 1718 1270 1762 eos

245 1826 327 1889 bene
346 1822 471 1886 institui
485 1820 623 1898 studere,
646 1830 742 1904 atque
752 1820 824 1885 ideo
845 1822 1044 1907 potissimum
1066 1824 1189 1891 adhoc
1211 1850 1270 1915 ap-

247 1964 317 2019 tum
339 1976 406 2019 esse
427 1952 634 2017 contendunt.
661 1951 796 2033 Quoties
818 1952 982 2019 enim'fieri
998 1965 1113 2041 potest,
1132 1968 1270 2025 matrem

250 2109 317 2151 esse
338 2108 376 2150 eo
397 2086 525 2150 nomine
544 2083 722 2171 indignam,
753 2095 948 2171 cumpater,
973 2086 1115 2153 infelices
1135 2092 1268 2157 commi-

250 2226 371 2282 seratus
402 2216 530 2295 liberos,
564 2217 681 2300 quibus
704 2226 875 2302 parentum
901 2217 1045 2284 inhaeret
1076 2222 1266 2309 ignominia,

250 2350 365 2415 eximie
397 2373 450 2415 eos
483 2350 657 2429 educando,
693 2350 740 2415 ita
761 2350 913 2417 damnum
933 2353 1062 2433 morale,
1087 2358 1179 2441 cujus
1202 2361 1272 2449 ipse

253 2495 300 2549 est
330 2495 452 2563 auctor,
478 2487 629 2550 resarcire
648 2487 804 2569 quaerat?
826 2487 921 2553 Ratio
944 2499 1062 2570 autem,
1088 2496 1173 2578 quod
1194 2520 1271 2565 oure

144 2676 149 2685 .
176 2678 182 2689 ,
253 2585 363 2703 petris,
399 2628 436 2681 ut
463 2639 578 2683 nomen
610 2640 706 2681 suum
739 2618 820 2683 bene
851 2620 970 2699 audiat,
1002 2622 1032 2688 ei
1063 2624 1182 2694 liberos
1211 2632 1270 2697 sub

256 2748 356 2813 oculis
387 2748 528 2814 habendi
557 2750 614 2835 jus
633 2750 774 2816 tribuere
801 2753 911 2838 possit,
941 2758 1132 2840 provectiori
1151 2772 1278 2833 tantum

259 2884 434 2950 liberorum
465 2894 567 2949 aetate
598 2885 735 2970 alicujus
761 2896 808 2951 est
838 2890 990 2953 momenti
1017 2890 1186 2975 habenda3
1232 2910 1279 2966 te-

258 3037 335 3079 nera
363 3026 469 3080 autem
500 3025 614 3096 aetate,
645 3040 710 3102 qua
736 3017 872 3085 hacxde
912 3024 1043 3088 materia
1062 3028 1200 3095 maxime
1238 3033 1276 3098 lis

259 3150 334 3213 oriri
356 3150 446 3227 solet,
470 3153 597 3217 nonita
618 3176 720 3217 sermo
741 3176 808 3219 esse
828 3165 932 3240 potest
941 3156 1081 3238 honoris,
1101 3183 1198 3245 quem
1219 3164 1276 3231 ha·

259 3282 334 3347 bere
355 3282 471 3349 liberos
497 3287 597 3372 patris
623 3288 746 3352 nomini
776 3299 930 3374 oporteat,
959 3314 1062 3378 neque
1082 3294 1143 3360 hoc
1174 3299 1276 3384 aptio-

297 3520 513 3586 'ctmmm
531 3524 551 3578 l.
572 3543 596 3579 o.

299 3603 370 3663 ²Cs.
391 3626 538 3681 monins,
567 3615 601 3668 od
620 3620 673 3668 nrt.
692 3622 742 3669 341
764 3616 796 3671 C.
817 3618 917 3672 N·n⁰.
939 3625 965 3672 2.
990 3636 1128 3676 sonnino
1157 3638 1195 3676 on
1222 3639 1282 3677 vm-

268 3718 411 3771 nnseuns,
431 3705 525 3761 Traite
542 3708 588 3761 des
605 3708 661 3761 eni.
682 3715 740 3762 nat.

302 3816 311 3839 ³
335 3817 379 3871 Cf.
401 3832 592 3892 onnononsn,
614 3824 633 3875 l.
653 3840 678 3877 o.
