2784 5092
771 569 812 634 14

281 821 389 890 tatem,
415 807 476 876 nisi
497 832 571 874 cum
594 810 675 874 adsit
696 821 876 896 parentum,
902 822 958 875 aut
968 833 1089 893 eorum,
1102 815 1219 899 quibus
1228 813 1301 905 lege

280 944 436 1010 incumbit
462 943 565 1008 facere
587 942 841 1021 declarationem,
866 943 958 1008 dolus
985 945 1099 1024 malus',
1125 946 1302 1015 liberorum

281 1070 403 1142 celandi
426 1085 543 1141 statum
565 1075 668 1162 gratia
689 1075 861 1153 adhibitus,
887 1099 981 1160 quem
999 1073 1087 1162 justa
1105 1077 1224 1145 Codice
1243 1104 1300 1167 pe·

281 1211 347 1275 nali
369 1209 604 1295 circumscripta
625 1218 785 1294 exspectat
806 1231 908 1294 poena
923 1213 950 1272 ¹.
986 1209 1022 1276 si
1044 1232 1120 1276 vero
1142 1213 1302 1279 delibaris

281 1353 396 1430 agatur
427 1353 517 1406 extra
545 1341 783 1404 matrimonium
812 1342 994 1426 procreatis,
1027 1365 1092 1408 non
1115 1345 1302 1430 negandum

280 1468 504 1536 contumeliam
535 1468 719 1554 parentibus
748 1469 961 1547 naturalibus,
995 1470 1046 1534 vel
1068 1471 1173 1556 potius
1203 1475 1302 1538 matri

281 1602 351 1679 soli,
377 1612 466 1687 patre
488 1621 610 1687 semper
624 1600 755 1678 incerto,
769 1600 852 1664 circa
861 1601 932 1665 illos
942 1600 1056 1666 liberos
1066 1602 1298 1683 inhaerentem,

282 1755 374 1818 saepe
404 1730 557 1817 impedire
589 1751 690 1815 posse,
726 1731 894 1812 quominus
926 1732 1073 1819 explicite
1093 1733 1165 1822 lege
1187 1748 1302 1802 exacta

280 1863 337 1931 fiat
362 1860 543 1942 declaratio,
568 1861 705 1927 nominis
728 1863 795 1926 scil.
822 1861 931 1928 matris
954 1863 1118 1944 naturalis,
1145 1891 1208 1951 quo
1234 1893 1299 1956 pu-

279 1997 362 2062 blice
393 1992 495 2060 illiciti
527 2004 616 2058 actus
645 1994 831 2080 profiteatur
852 1994 998 2060 dedecus.
1046 1996 1161 2063 Oritur
1182 2024 1301 2088 nempe
1378 2024 1379 2031 ¹

279 2115 393 2195 haecce
426 2127 566 2213 quaestio
598 2151 651 2206 an,
681 2129 738 2213 qui
765 2139 826 2193 art.
852 2131 895 2195 30
918 2129 958 2197 C.
985 2130 1025 2198 C.
1055 2145 1182 2219 partum
1209 2137 1300 2222 apud
1378 2208 1379 2235 ,

280 2259 500 2350 magistratum
518 2270 617 2325 status
632 2260 735 2325 civilis
750 2261 910 2327 declarare
930 2273 1006 2327 sunt
1020 2264 1173 2345 adstricti,
1186 2269 1299 2332 uatus
1378 2268 1379 2271 ’

131 2481 132 2484 ¹
278 2418 394 2461 nomen
417 2394 512 2460 etiam
533 2393 675 2480 profiteri
697 2392 844 2473 debeant,
869 2417 1062 2480 quamquam
1086 2395 1166 2461 illud
1191 2398 1297 2464 celare

278 2525 400 2614 rogati?

323 2655 461 2721 Duobus
491 2653 614 2719 casibus
640 2653 755 2719 haecce
789 2656 907 2720 versari
927 2666 1030 2744 potest
1050 2658 1207 2741 quaestio;
1240 2661 1291 2724 10.

279 2791 384 2879 partui
413 2790 439 2854 si
468 2788 585 2853 adsunt
621 2788 693 2876 lege
724 2788 950 2855 determinatae
981 2774 1144 2878 personae,
1178 2815 1297 2881 excep-

277 2925 318 2990 tis
340 2924 378 2988 iis
401 2923 456 3008 qui
477 2921 582 3008 partui
616 2892 772 2987 auxilium
804 2923 887 2989 ferre
908 2904 1111 3002 creduntur3¹
1125 2935 1157 2990 et
1179 2927 1227 2990 2⁰.
1252 2925 1297 2992 iis

277 3064 401 3120 tantum
438 3055 666 3139 praesentibus
704 3057 760 3139 qui
791 3066 853 3120 art.
889 3057 932 3121 30
964 3056 1136 3122 dicuntum
1170 3060 1296 3139 rudici,

279 3188 425 3273 chirarpi,
456 3197 567 3272 partas
600 3189 765 3273 ocly‘ntores,
800 3189 977 3267 obstetrices,
1012 3190 1221 3274 omnibusque
1252 3191 1298 3257 iis

278 3344 357 3406 quos
368 3320 489 3420 obligat
497 3317 649 3399 officium,
657 3344 694 3386 ea
704 3344 785 3405 quae
790 3322 931 3386 muneris
936 3324 1170 3410 opportunitate
1177 3346 1298 3390 aroana

347 3521 392 3576 8⁰.
412 3521 444 3574 de
461 3535 627 3586 voomomea,
649 3535 753 3587 namen,
776 3519 817 3571 tet
840 3517 930 3586 beroep
953 3534 985 3570 en
1008 3519 1040 3571 de
1062 3519 1221 3588 woonplaots
1241 3521 1295 3574 der

414 3609 520 3672 cadem

345 3703 390 3759 4⁰.
411 3705 446 3759 de
463 3717 630 3757 vaomamen
650 3717 684 3754 en
704 3716 814 3768 namen,
836 3700 892 3776 den
910 3698 1068 3765 ouderdom,
1093 3703 1114 3749 't
1130 3698 1231 3769 beroep
1251 3715 1291 3755 en

415 3797 448 3849 de
466 3793 634 3865 woonplaats
650 3795 699 3848 der
716 3792 843 3864 getuigen
862 3807 896 3847 en
914 3792 964 3847 der
981 3782 1158 3860 aengevem.''

311 3929 317 3952 ¹
343 3917 402 3970 Art.
422 3915 473 3964 846
493 3907 524 3964 (l.
545 3911 577 3964 P.
