2784 5092
755 552 796 615 10

266 770 326 836 bae
348 781 423 836 tres:
450 772 496 835 1⁰.
522 769 632 849 Nulla,
655 779 692 834 ut
711 770 861 847 vidimus,
874 770 996 835 exsistit
1005 769 1178 835 liberorum
1187 781 1291 837 natu-

265 904 382 969 ralium
402 898 545 981 'familia
570 904 726 991 sanguine
752 904 805 970 vel
836 904 991 969 affinitate
1022 905 1061 969 iis
1089 905 1263 989 conjuncta
1275 931 1286 983 3
1379 946 1380 953 κ

267 1041 314 1104 2⁰.
340 1037 425 1103 Raro
458 1035 511 1102 hic
549 1037 656 1102 adesse
677 1047 821 1124 possunt,
847 1061 983 1122 quorum
1012 1038 1053 1102 ob
1083 1039 1288 1125 pecuniarias

266 1147 376 1238 causas
398 1183 534 1237 tutorem
566 1172 724 1236 nominari
753 1172 831 1236 adeo
853 1172 988 1250 intersit,
1014 1193 1088 1236 cum
1110 1172 1202 1236 liberi
1225 1196 1288 1238 na·

262 1304 401 1382 turales‚
448 1313 617 1388 antequam
666 1314 784 1368 certam
817 1303 981 1390 attigerint
1021 1313 1166 1380 aetatem,
1214 1327 1286 1370 sese

196 1527 198 1534 ⁴
261 1432 343 1510 aliis,
368 1433 485 1497 aliosve
507 1399 567 1498 sibi
590 1433 731 1520 obligare
753 1443 932 1519 nequeant3
972 1434 1020 1498 3⁰.
1046 1430 1154 1498 Status
1176 1432 1284 1497 civilis

260 1564 463 1652 magistratus
495 1574 543 1628 est
564 1564 705 1648 judicem
728 1564 960 1631 Cantonnalem
982 1564 1147 1629 certiorem
1174 1565 1283 1629 facere

261 1693 300 1757 de
342 1703 442 1757 morte
474 1693 627 1771 omnium,
663 1694 719 1779 qui
751 1693 866 1758 liberos
896 1693 1082 1778 reliquerint
1103 1695 1279 1773 minores¹‚
1379 1704 1380 1779 }

263 1825 351 1911 atqui
373 1848 449 1890 vero
470 1825 601 1890 minime
623 1825 662 1889 de
684 1825 857 1891 liberorum
886 1826 1045 1891 natalibus
1068 1827 1276 1904 naturalium,

262 1980 327 2052 non
350 1981 494 2045 expresse
515 1958 709 2048 agnitorum.

304 2085 418 2170 Itaque
449 2085 543 2171 plane
575 2084 627 2149 htc
659 2085 793 2151 deficere
823 2087 996 2173 praecisam
1023 2087 1277 2174 dispositionem,

260 2241 324 2304 qua
345 2242 472 2305 quoquo
494 2242 570 2284 casu
591 2219 769 2284 necessitati
791 2220 905 2285 tutoris
921 2219 1046 2285 dicendi
1056 2221 1277 2302 subveniatru,
1379 2226 1380 2233 '

260 2342 331 2408 luce
362 2343 478 2408 clarius
509 2353 569 2408 est.
623 2340 676 2410 Sic
709 2332 755 2409 se'
773 2344 910 2408 habente
942 2366 988 2420 re,
1024 2344 1129 2429 nobis
1148 2343 1278 2429 quidem

211 2457 215 2525 ᾗ
259 2475 385 2540 videtur
407 2475 586 2540 Ministerio
608 2475 757 2554 Publico,
782 2476 867 2561 quod
884 2499 925 2541 ex
944 2475 1063 2540 natura
1074 2475 1214 2540 muneris
1225 2476 1276 2540 sui
1379 2512 1380 2573 3

257 2609 366 2696 legum
388 2609 549 2674 attendere
577 2619 700 2695 oportet
722 2609 901 2674 executioni
929 2613 942 2651 ²
969 2618 1001 2672 et
1023 2608 1156 2673 salutem
1171 2609 1276 2673 mino·
1379 2684 1380 2701 χ

258 2762 330 2806 rum
369 2741 510 2805 omnium
553 2751 584 2806 et
621 2741 739 2806 auxilio
771 2741 933 2828 egentium
974 2739 1141 2805 defendere
1178 2751 1275 2826 atque
1379 2730 1380 2737 ἵ

258 2875 342 2940 tueri
357 2880 385 2952 ³,
411 2874 593 2939 fucultatem
616 2874 767 2962 denegari
782 2897 854 2938 vnon
875 2898 966 2961 posse
989 2898 1029 2939 ex
1046 2874 1151 2940 officio
1160 2876 1274 2940 tutoris

177 3002 180 3011 ’
245 2981 504 3072 nominationem
526 3023 621 3072 cu'rae
650 3005 799 3070 habendi.
834 3005 932 3088 Quod
948 3006 1008 3072 abs
1030 3029 1065 3071 re
1097 3031 1165 3072 esse
1196 3030 1273 3071 con·

256 3123 343 3206 tendi
375 3142 497 3226 nequit,
526 3141 556 3205 'si
578 3141 631 3204 htc
662 3139 860 3204 conferamus
882 3151 942 3204 art.
969 3143 1033 3207 489
1057 3141 1099 3206 el.
1126 3145 1145 3206 2
1169 3140 1270 3220 O.C.,
1379 3146 1380 3159 ¹

256 3273 311 3356 qui
333 3273 372 3340 de
394 3273 533 3339 curando
556 3282 685 3359 propter
712 3272 901 3337 dementiam
940 3273 992 3338 vel
1024 3273 1271 3339 imbecillitatem
1379 3310 1380 3345 t

256 3407 390 3474 similem
412 3406 552 3472 continet
574 3405 823 3492 dispositionem,
846 3406 1018 3472 Ministerii
1047 3406 1174 3472 Publici
1199 3407 1266 3471 scil.
1379 3406 1380 3423 ¹

288 3609 295 3640 ¹
317 3605 361 3660 Cf.
381 3612 433 3658 art.
452 3609 503 3657 417
524 3603 559 3657 al.
581 3608 596 3656 2
617 3601 648 3658 0.
670 3603 702 3658 G.

290 3734 301 3768 ²
323 3741 384 3794 Art.
405 3740 486 3795 4W·
506 3757 541 3810 op
560 3739 594 3794 de
612 3737 647 3793 R.
668 3737 703 3792 Ο.

285 3881 294 3905 ³
316 3877 378 3930 Art.
398 3880 451 3929 824
469 3850 509 3928 6⁸.
529 3875 598 3932 cod.
618 3876 652 3930 de
670 3872 758 3929 metbl
773 3893 848 3946 proc.
868 3875 896 3929 in
914 3875 999 3931 causis
1017 3878 1068 3939 civ,
