<?xml version="1.0" encoding="UTF-8"?>
<!DOCTYPE html PUBLIC "-//W3C//DTD XHTML 1.0 Transitional//EN"
    "http://www.w3.org/TR/xhtml1/DTD/xhtml1-transitional.dtd">
<html xmlns="http://www.w3.org/1999/xhtml" xml:lang="en" lang="en">
 <head>
  <title>
</title>
<meta http-equiv="Content-Type" content="text/html;charset=utf-8" />
  <meta name='ocr-system' content='tesseract 3.04.00' />
  <meta name='ocr-capabilities' content='ocr_page ocr_carea ocr_par ocr_line ocrx_word'/>
</head>
<body>
  <div class='ocr_page' id='page_1' title='image "./specimenjuridic00lagugoog_0039.png"; bbox 0 0 2784 5092; ppageno 0'>
   <div class='ocr_carea' id='block_1_1' title="bbox 778 565 820 630">
    <p class='ocr_par' dir='ltr' id='par_1_1' title="bbox 778 565 820 630">
     <span class='ocr_line' id='line_1_1' title="bbox 778 565 820 630; baseline 0.024 -1"><span class='ocrx_word' id='word_1_1' title='bbox 778 565 820 630; x_wconf 78' lang='lat'>26</span> 
     </span>
    </p>
   </div>
   <div class='ocr_carea' id='block_1_2' title="bbox 249 782 1371 1400">
    <p class='ocr_par' dir='ltr' id='par_1_2' title="bbox 249 782 1371 1400">
     <span class='ocr_line' id='line_1_2' title="bbox 287 782 1302 877; baseline 0.01 -27"><span class='ocrx_word' id='word_1_2' title='bbox 287 783 370 850; x_wconf 85' lang='lat' dir='ltr'>sulto</span> <span class='ocrx_word' id='word_1_3' title='bbox 393 793 498 849; x_wconf 85' lang='lat' dir='ltr'>aetum</span> <span class='ocrx_word' id='word_1_4' title='bbox 526 804 604 849; x_wconf 80' lang='lat' dir='ltr'>esse.</span> <span class='ocrx_word' id='word_1_5' title='bbox 639 782 736 849; x_wconf 82' lang='lat' dir='ltr'>Hane</span> <span class='ocrx_word' id='word_1_6' title='bbox 756 783 917 872; x_wconf 85' lang='lat' dir='ltr'>negligere</span> <span class='ocrx_word' id='word_1_7' title='bbox 937 796 969 851; x_wconf 89' lang='lat' dir='ltr'>et</span> <span class='ocrx_word' id='word_1_8' title='bbox 989 786 1034 853; x_wconf 87' lang='lat' dir='ltr'>sio</span> <span class='ocrx_word' id='word_1_9' title='bbox 1054 789 1178 877; x_wconf 79' lang='lat' dir='ltr'>seriptrs</span> <span class='ocrx_word' id='word_1_10' title='bbox 1199 794 1302 860; x_wconf 87' lang='lat' dir='ltr'>verbis</span> 
     </span>
     <span class='ocr_line' id='line_1_3' title="bbox 286 915 1298 1011; baseline 0.008 -29"><span class='ocrx_word' id='word_1_11' title='bbox 286 918 367 1004; x_wconf 87' lang='lat' dir='ltr'>legis</span> <span class='ocrx_word' id='word_1_12' title='bbox 395 916 565 1003; x_wconf 73' lang='lat' dir='ltr'>derogare,</span> <span class='ocrx_word' id='word_1_13' title='bbox 595 915 687 981; x_wconf 80' lang='lat' dir='ltr'>valde</span> <span class='ocrx_word' id='word_1_14' title='bbox 717 917 829 983; x_wconf 80' lang='lat' dir='ltr'>incerti</span> <span class='ocrx_word' id='word_1_15' title='bbox 854 918 937 1003; x_wconf 86' lang='lat' dir='ltr'>juris</span> <span class='ocrx_word' id='word_1_16' title='bbox 966 942 1062 985; x_wconf 87' lang='lat' dir='ltr'>eausa</span> <span class='ocrx_word' id='word_1_17' title='bbox 1090 946 1157 988; x_wconf 87' lang='lat' dir='ltr'>esse</span> <span class='ocrx_word' id='word_1_18' title='bbox 1186 934 1298 1011; x_wconf 88' lang='lat' dir='ltr'>potest.</span> 
     </span>
     <span class='ocr_line' id='line_1_4' title="bbox 289 1046 1297 1136; baseline 0.012 -26"><span class='ocrx_word' id='word_1_19' title='bbox 289 1046 397 1130; x_wconf 79' lang='lat' dir='ltr'>Quam</span> <span class='ocrx_word' id='word_1_20' title='bbox 416 1048 502 1112; x_wconf 89' lang='lat' dir='ltr'>enim</span> <span class='ocrx_word' id='word_1_21' title='bbox 522 1046 651 1112; x_wconf 85' lang='lat' dir='ltr'>difficile</span> <span class='ocrx_word' id='word_1_22' title='bbox 671 1049 818 1134; x_wconf 86' lang='lat' dir='ltr'>probatu,</span> <span class='ocrx_word' id='word_1_23' title='bbox 842 1059 996 1136; x_wconf 87' lang='lat' dir='ltr'>quatenus</span> <span class='ocrx_word' id='word_1_24' title='bbox 1016 1052 1111 1132; x_wconf 88' lang='lat' dir='ltr'>fama,</span> <span class='ocrx_word' id='word_1_25' title='bbox 1134 1064 1297 1136; x_wconf 88' lang='lat' dir='ltr'>tractatus,</span> 
     </span>
     <span class='ocr_line' id='line_1_5' title="bbox 282 1178 1300 1269; baseline 0.012 -26"><span class='ocrx_word' id='word_1_26' title='bbox 282 1178 399 1265; x_wconf 89' lang='lat' dir='ltr'>quibus</span> <span class='ocrx_word' id='word_1_27' title='bbox 418 1189 554 1244; x_wconf 88' lang='lat' dir='ltr'>utuntur</span> <span class='ocrx_word' id='word_1_28' title='bbox 572 1180 665 1245; x_wconf 90' lang='lat' dir='ltr'>liberi</span> <span class='ocrx_word' id='word_1_29' title='bbox 682 1183 853 1261; x_wconf 81' lang='lat' dir='ltr'>naturales,</span> <span class='ocrx_word' id='word_1_30' title='bbox 873 1206 953 1269; x_wconf 89' lang='lat' dir='ltr'>quae</span> <span class='ocrx_word' id='word_1_31' title='bbox 969 1208 988 1249; x_wconf 94' lang='lat' dir='ltr'>a</span> <span class='ocrx_word' id='word_1_32' title='bbox 1002 1186 1098 1251; x_wconf 85' lang='lat' dir='ltr'>variis</span> <span class='ocrx_word' id='word_1_33' title='bbox 1116 1196 1163 1250; x_wconf 93' lang='lat' dir='ltr'>tot</span> <span class='ocrx_word' id='word_1_34' title='bbox 1178 1189 1300 1255; x_wconf 87' lang='lat' dir='ltr'>casibus</span> 
     </span>
     <span class='ocr_line' id='line_1_6' title="bbox 249 1299 1371 1400; baseline 0.012 -24"><span class='ocrx_word' id='word_1_35' title='bbox 249 1299 252 1306; x_wconf 45' lang='lat'><strong>¹</strong></span> <span class='ocrx_word' id='word_1_36' title='bbox 280 1313 418 1399; x_wconf 90' lang='lat' dir='ltr'>pendere</span> <span class='ocrx_word' id='word_1_37' title='bbox 428 1314 541 1392; x_wconf 83' lang='lat' dir='ltr'>solent,</span> <span class='ocrx_word' id='word_1_38' title='bbox 554 1324 586 1379; x_wconf 87' lang='lat' dir='ltr'>et</span> <span class='ocrx_word' id='word_1_39' title='bbox 595 1316 824 1381; x_wconf 84' lang='lat' dir='ltr'>mutationibus</span> <span class='ocrx_word' id='word_1_40' title='bbox 834 1315 971 1382; x_wconf 86' lang='lat' dir='ltr'>obnoxia</span> <span class='ocrx_word' id='word_1_41' title='bbox 981 1327 1066 1396; x_wconf 89' lang='lat' dir='ltr'>sunt,</span> <span class='ocrx_word' id='word_1_42' title='bbox 1080 1319 1250 1400; x_wconf 86' lang='lat' dir='ltr'>sufficiant,</span> <span class='ocrx_word' id='word_1_43' title='bbox 1262 1334 1299 1387; x_wconf 89' lang='lat' dir='ltr'>ut</span> <span class='ocrx_word' id='word_1_44' title='bbox 1370 1366 1371 1391; x_wconf 81' lang='grc'>;</span> 
     </span>
    </p>
   </div>
   <div class='ocr_carea' id='block_1_3' title="bbox 280 1446 1371 1535">
    <p class='ocr_par' dir='ltr' id='par_1_3' title="bbox 280 1446 1371 1535">
     <span class='ocr_line' id='line_1_7' title="bbox 280 1446 1371 1535; baseline 0.014 -27"><span class='ocrx_word' id='word_1_45' title='bbox 280 1467 389 1511; x_wconf 88' lang='lat' dir='ltr'>veram</span> <span class='ocrx_word' id='word_1_46' title='bbox 399 1455 430 1510; x_wconf 89' lang='lat' dir='ltr'>et</span> <span class='ocrx_word' id='word_1_47' title='bbox 443 1455 561 1511; x_wconf 82' lang='lat' dir='ltr'>certam</span> <span class='ocrx_word' id='word_1_48' title='bbox 573 1446 666 1512; x_wconf 86' lang='lat' dir='ltr'>istam</span> <span class='ocrx_word' id='word_1_49' title='bbox 680 1447 820 1513; x_wconf 86' lang='lat' dir='ltr'>efficiant</span> <span class='ocrx_word' id='word_1_50' title='bbox 844 1453 1175 1535; x_wconf 78' lang='lat' dir='ltr'>statuspossessioaem?</span> <span class='ocrx_word' id='word_1_51' title='bbox 1196 1452 1297 1521; x_wconf 87' lang='lat' dir='ltr'>Inane</span> <span class='ocrx_word' id='word_1_52' title='bbox 1370 1480 1371 1523; x_wconf 66' lang='lat'>1</span> 
     </span>
    </p>
   </div>
   <div class='ocr_carea' id='block_1_4' title="bbox 280 1572 1371 1668">
    <p class='ocr_par' dir='ltr' id='par_1_4' title="bbox 280 1572 1371 1668">
     <span class='ocr_line' id='line_1_8' title="bbox 280 1572 1371 1668; baseline -0.006 -21"><span class='ocrx_word' id='word_1_53' title='bbox 280 1580 407 1666; x_wconf 91' lang='lat' dir='ltr'>quidem</span> <span class='ocrx_word' id='word_1_54' title='bbox 416 1581 477 1645; x_wconf 90' lang='lat' dir='ltr'>hoc</span> <span class='ocrx_word' id='word_1_55' title='bbox 489 1579 614 1647; x_wconf 86' lang='lat' dir='ltr'>Codicis</span> <span class='ocrx_word' id='word_1_56' title='bbox 633 1582 734 1646; x_wconf 88' lang='lat' dir='ltr'>nostri</span> <span class='ocrx_word' id='word_1_57' title='bbox 744 1591 824 1647; x_wconf 87' lang='lat' dir='ltr'>esset</span> <span class='ocrx_word' id='word_1_58' title='bbox 842 1582 1084 1668; x_wconf 82' lang='lat' dir='ltr'>praescriptum,</span> <span class='ocrx_word' id='word_1_59' title='bbox 1108 1584 1135 1648; x_wconf 92' lang='lat' dir='ltr'>si</span> <span class='ocrx_word' id='word_1_60' title='bbox 1145 1583 1296 1652; x_wconf 84' lang='lat' dir='ltr'>liceretin</span> <span class='ocrx_word' id='word_1_61' title='bbox 1369 1572 1371 1643; x_wconf 56' lang='lat' dir='ltr'>l</span> 
     </span>
    </p>
   </div>
   <div class='ocr_carea' id='block_1_5' title="bbox 270 1714 1348 3405">
    <p class='ocr_par' dir='ltr' id='par_1_5' title="bbox 270 1714 1348 3405">
     <span class='ocr_line' id='line_1_9' title="bbox 279 1714 1348 1803; baseline 0.004 -23"><span class='ocrx_word' id='word_1_62' title='bbox 279 1716 386 1781; x_wconf 86' lang='lat' dir='ltr'>locum</span> <span class='ocrx_word' id='word_1_63' title='bbox 404 1716 465 1780; x_wconf 91' lang='lat' dir='ltr'>rite</span> <span class='ocrx_word' id='word_1_64' title='bbox 485 1715 646 1780; x_wconf 75' lang='lat' dir='ltr'>feriendae</span> <span class='ocrx_word' id='word_1_65' title='bbox 665 1714 836 1802; x_wconf 85' lang='lat' dir='ltr'>agnitionis</span> <span class='ocrx_word' id='word_1_66' title='bbox 854 1725 1040 1803; x_wconf 83' lang='lat' dir='ltr'>perpetuam</span> <span class='ocrx_word' id='word_1_67' title='bbox 1050 1726 1082 1781; x_wconf 90' lang='lat' dir='ltr'>et</span> <span class='ocrx_word' id='word_1_68' title='bbox 1098 1728 1292 1784; x_wconf 86' lang='lat' dir='ltr'>constantem</span> <span class='ocrx_word' id='word_1_69' title='bbox 1346 1788 1348 1794; x_wconf 69' lang='grc'>,</span> 
     </span>
     <span class='ocr_line' id='line_1_10' title="bbox 278 1850 1291 1936; baseline 0.002 -22"><span class='ocrx_word' id='word_1_70' title='bbox 278 1858 378 1914; x_wconf 85' lang='lat' dir='ltr'>status</span> <span class='ocrx_word' id='word_1_71' title='bbox 387 1850 613 1936; x_wconf 87' lang='lat' dir='ltr'>possessionem</span> <span class='ocrx_word' id='word_1_72' title='bbox 629 1871 817 1936; x_wconf 89' lang='lat' dir='ltr'>supponere,</span> <span class='ocrx_word' id='word_1_73' title='bbox 843 1872 906 1935; x_wconf 90' lang='lat' dir='ltr'>quo</span> <span class='ocrx_word' id='word_1_74' title='bbox 943 1872 1066 1936; x_wconf 88' lang='lat' dir='ltr'>semper</span> <span class='ocrx_word' id='word_1_75' title='bbox 1090 1850 1181 1915; x_wconf 91' lang='lat' dir='ltr'>nobis</span> <span class='ocrx_word' id='word_1_76' title='bbox 1212 1862 1291 1916; x_wconf 88' lang='lat' dir='ltr'>esset</span> 
     </span>
     <span class='ocr_line' id='line_1_11' title="bbox 278 1981 1290 2068; baseline 0.002 -21"><span class='ocrx_word' id='word_1_77' title='bbox 278 1981 411 2047; x_wconf 84' lang='lat' dir='ltr'>facultas</span> <span class='ocrx_word' id='word_1_78' title='bbox 434 1982 549 2047; x_wconf 88' lang='lat' dir='ltr'>liberos</span> <span class='ocrx_word' id='word_1_79' title='bbox 575 1991 697 2047; x_wconf 90' lang='lat' dir='ltr'>nostros</span> <span class='ocrx_word' id='word_1_80' title='bbox 723 1981 882 2047; x_wconf 80' lang='lat' dir='ltr'>naturales</span> <span class='ocrx_word' id='word_1_81' title='bbox 903 1992 1080 2068; x_wconf 89' lang='lat' dir='ltr'>opportuno</span> <span class='ocrx_word' id='word_1_82' title='bbox 1099 1981 1191 2046; x_wconf 88' lang='lat' dir='ltr'>nobis</span> <span class='ocrx_word' id='word_1_83' title='bbox 1211 1991 1290 2049; x_wconf 88' lang='lat' dir='ltr'>tem-</span> 
     </span>
     <span class='ocr_line' id='line_1_12' title="bbox 278 2114 1291 2202; baseline 0.004 -23"><span class='ocrx_word' id='word_1_84' title='bbox 278 2137 355 2202; x_wconf 88' lang='lat' dir='ltr'>pore</span> <span class='ocrx_word' id='word_1_85' title='bbox 381 2115 442 2180; x_wconf 86' lang='lat' dir='ltr'>hoe</span> <span class='ocrx_word' id='word_1_86' title='bbox 480 2124 565 2180; x_wconf 88' lang='lat' dir='ltr'>statu</span> <span class='ocrx_word' id='word_1_87' title='bbox 592 2114 760 2202; x_wconf 89' lang='lat' dir='ltr'>spoliandi,</span> <span class='ocrx_word' id='word_1_88' title='bbox 790 2124 865 2180; x_wconf 89' lang='lat' dir='ltr'>ante</span> <span class='ocrx_word' id='word_1_89' title='bbox 894 2116 1103 2201; x_wconf 87' lang='lat' dir='ltr'>majoritatem</span> <span class='ocrx_word' id='word_1_90' title='bbox 1132 2138 1184 2181; x_wconf 88' lang='lat' dir='ltr'>eos</span> <span class='ocrx_word' id='word_1_91' title='bbox 1212 2138 1291 2202; x_wconf 89' lang='lat' dir='ltr'>quo-</span> 
     </span>
     <span class='ocr_line' id='line_1_13' title="bbox 277 2249 1291 2336; baseline -0.001 -20"><span class='ocrx_word' id='word_1_92' title='bbox 277 2251 434 2335; x_wconf 89' lang='lat' dir='ltr'>quomodo</span> <span class='ocrx_word' id='word_1_93' title='bbox 463 2249 518 2314; x_wconf 89' lang='lat' dir='ltr'>alii</span> <span class='ocrx_word' id='word_1_94' title='bbox 545 2250 740 2336; x_wconf 89' lang='lat' dir='ltr'>subjiciendo</span> <span class='ocrx_word' id='word_1_95' title='bbox 770 2252 923 2329; x_wconf 76' lang='lat' dir='ltr'>tractatui,</span> <span class='ocrx_word' id='word_1_96' title='bbox 948 2272 1057 2315; x_wconf 75' lang='lat' dir='ltr'>nornen</span> <span class='ocrx_word' id='word_1_97' title='bbox 1077 2250 1230 2315; x_wconf 87' lang='lat' dir='ltr'>mutando</span> <span class='ocrx_word' id='word_1_98' title='bbox 1251 2251 1291 2315; x_wconf 94' lang='lat' dir='ltr'>il-</span> 
     </span>
     <span class='ocr_line' id='line_1_14' title="bbox 275 2383 1290 2472; baseline 0.001 -23"><span class='ocrx_word' id='word_1_99' title='bbox 275 2385 391 2464; x_wconf 90' lang='lat' dir='ltr'>lorum,</span> <span class='ocrx_word' id='word_1_100' title='bbox 416 2395 511 2468; x_wconf 87' lang='lat' dir='ltr'>atque</span> <span class='ocrx_word' id='word_1_101' title='bbox 532 2407 570 2449; x_wconf 90' lang='lat' dir='ltr'>eo</span> <span class='ocrx_word' id='word_1_102' title='bbox 591 2385 660 2472; x_wconf 92' lang='lat' dir='ltr'>ipso</span> <span class='ocrx_word' id='word_1_103' title='bbox 676 2394 815 2450; x_wconf 82' lang='lat' dir='ltr'>veterem</span> <span class='ocrx_word' id='word_1_104' title='bbox 824 2383 1006 2471; x_wconf 88' lang='lat' dir='ltr'>perimendo</span> <span class='ocrx_word' id='word_1_105' title='bbox 1011 2384 1146 2471; x_wconf 75' lang='lat' dir='ltr'>famam.</span> <span class='ocrx_word' id='word_1_106' title='bbox 1171 2385 1290 2451; x_wconf 88' lang='lat' dir='ltr'>Libero</span> 
     </span>
     <span class='ocr_line' id='line_1_15' title="bbox 275 2506 1290 2601; baseline -0.002 -20"><span class='ocrx_word' id='word_1_107' title='bbox 275 2516 321 2583; x_wconf 83' lang='lat' dir='ltr'>ita</span> <span class='ocrx_word' id='word_1_108' title='bbox 354 2526 461 2581; x_wconf 88' lang='lat' dir='ltr'>nostro</span> <span class='ocrx_word' id='word_1_109' title='bbox 494 2516 640 2581; x_wconf 87' lang='lat' dir='ltr'>relietum</span> <span class='ocrx_word' id='word_1_110' title='bbox 673 2524 754 2580; x_wconf 88' lang='lat' dir='ltr'>esset</span> <span class='ocrx_word' id='word_1_111' title='bbox 775 2506 905 2581; x_wconf 87' lang='lat' dir='ltr'>arbitrio</span> <span class='ocrx_word' id='word_1_112' title='bbox 927 2536 985 2601; x_wconf 90' lang='lat' dir='ltr'>pro</span> <span class='ocrx_word' id='word_1_113' title='bbox 1018 2514 1124 2580; x_wconf 89' lang='lat' dir='ltr'>lubitu</span> <span class='ocrx_word' id='word_1_114' title='bbox 1163 2514 1290 2580; x_wconf 87' lang='lat' dir='ltr'>filiatio·</span> 
     </span>
     <span class='ocr_line' id='line_1_16' title="bbox 274 2647 1291 2730; baseline -0.004 -13"><span class='ocrx_word' id='word_1_115' title='bbox 274 2674 348 2717; x_wconf 88' lang='lat' dir='ltr'>nem</span> <span class='ocrx_word' id='word_1_116' title='bbox 380 2673 438 2714; x_wconf 88' lang='lat' dir='ltr'>nos</span> <span class='ocrx_word' id='word_1_117' title='bbox 459 2649 542 2714; x_wconf 90' lang='lat' dir='ltr'>inter</span> <span class='ocrx_word' id='word_1_118' title='bbox 568 2658 601 2713; x_wconf 89' lang='lat' dir='ltr'>et</span> <span class='ocrx_word' id='word_1_119' title='bbox 620 2647 736 2713; x_wconf 90' lang='lat' dir='ltr'>liberos</span> <span class='ocrx_word' id='word_1_120' title='bbox 758 2647 918 2711; x_wconf 87' lang='lat' dir='ltr'>naturales</span> <span class='ocrx_word' id='word_1_121' title='bbox 941 2668 1047 2711; x_wconf 88' lang='lat' dir='ltr'>creare</span> <span class='ocrx_word' id='word_1_122' title='bbox 1069 2657 1164 2730; x_wconf 87' lang='lat' dir='ltr'>atque</span> <span class='ocrx_word' id='word_1_123' title='bbox 1186 2647 1291 2713; x_wconf 89' lang='lat' dir='ltr'>denuo</span> 
     </span>
     <span class='ocr_line' id='line_1_17' title="bbox 275 2778 1287 2863; baseline -0.009 -11"><span class='ocrx_word' id='word_1_124' title='bbox 275 2785 455 2852; x_wconf 80' lang='lat' dir='ltr'>dissolvere.</span> <span class='ocrx_word' id='word_1_125' title='bbox 503 2780 670 2863; x_wconf 86' lang='lat' dir='ltr'>Quaenam</span> <span class='ocrx_word' id='word_1_126' title='bbox 692 2802 768 2845; x_wconf 87' lang='lat' dir='ltr'>sane</span> <span class='ocrx_word' id='word_1_127' title='bbox 790 2778 852 2843; x_wconf 83' lang='lat' dir='ltr'>alia</span> <span class='ocrx_word' id='word_1_128' title='bbox 873 2787 954 2843; x_wconf 89' lang='lat' dir='ltr'>esset</span> <span class='ocrx_word' id='word_1_129' title='bbox 973 2778 1065 2856; x_wconf 91' lang='lat' dir='ltr'>ratio,</span> <span class='ocrx_word' id='word_1_130' title='bbox 1090 2780 1154 2861; x_wconf 74' lang='lat' dir='ltr'>qua</span> <span class='ocrx_word' id='word_1_131' title='bbox 1175 2778 1210 2843; x_wconf 90' lang='lat' dir='ltr'>in</span> <span class='ocrx_word' id='word_1_132' title='bbox 1227 2789 1287 2843; x_wconf 89' lang='lat' dir='ltr'>art.</span> 
     </span>
     <span class='ocr_line' id='line_1_18' title="bbox 275 2910 1291 2999; baseline -0.008 -15"><span class='ocrx_word' id='word_1_133' title='bbox 275 2919 340 2984; x_wconf 74' lang='lat'>316</span> <span class='ocrx_word' id='word_1_134' title='bbox 369 2916 409 2985; x_wconf 80' lang='grc' dir='ltr'>Ο.</span> <span class='ocrx_word' id='word_1_135' title='bbox 440 2915 480 2982; x_wconf 80' lang='grc' dir='ltr'>Ο.</span> <span class='ocrx_word' id='word_1_136' title='bbox 511 2920 522 2959; x_wconf 95' lang='lat'><strong>¹</strong></span> <span class='ocrx_word' id='word_1_137' title='bbox 550 2914 589 2979; x_wconf 92' lang='lat' dir='ltr'>de</span> <span class='ocrx_word' id='word_1_138' title='bbox 611 2913 751 2999; x_wconf 67' lang='lat' dir='ltr'>lepiamis</span> <span class='ocrx_word' id='word_1_139' title='bbox 772 2912 879 2977; x_wconf 89' lang='lat' dir='ltr'>liberis</span> <span class='ocrx_word' id='word_1_140' title='bbox 902 2932 1046 2997; x_wconf 86' lang='lat' dir='ltr'>expresse</span> <span class='ocrx_word' id='word_1_141' title='bbox 1068 2910 1201 2989; x_wconf 88' lang='lat' dir='ltr'>sancita,</span> <span class='ocrx_word' id='word_1_142' title='bbox 1226 2932 1291 2977; x_wconf 92' lang='lat' dir='ltr'>non</span> 
     </span>
     <span class='ocr_line' id='line_1_19' title="bbox 272 3038 1294 3126; baseline -0.011 -10"><span class='ocrx_word' id='word_1_143' title='bbox 272 3051 312 3116; x_wconf 92' lang='lat' dir='ltr'>de</span> <span class='ocrx_word' id='word_1_144' title='bbox 354 3048 461 3114; x_wconf 88' lang='lat' dir='ltr'>liberis</span> <span class='ocrx_word' id='word_1_145' title='bbox 499 3045 698 3111; x_wconf 86' lang='lat' dir='ltr'>naturalibus</span> <span class='ocrx_word' id='word_1_146' title='bbox 740 3044 855 3109; x_wconf 85' lang='lat' dir='ltr'>iterum</span> <span class='ocrx_word' id='word_1_147' title='bbox 897 3042 1099 3107; x_wconf 80' lang='lat' dir='ltr'>statuantur?</span> <span class='ocrx_word' id='word_1_148' title='bbox 1154 3038 1294 3126; x_wconf 87' lang='lat' dir='ltr'>Insuper</span> 
     </span>
     <span class='ocr_line' id='line_1_20' title="bbox 271 3170 1293 3267; baseline -0.015 -18"><span class='ocrx_word' id='word_1_149' title='bbox 271 3206 338 3249; x_wconf 93' lang='lat' dir='ltr'>non</span> <span class='ocrx_word' id='word_1_150' title='bbox 369 3192 417 3247; x_wconf 87' lang='lat' dir='ltr'>est</span> <span class='ocrx_word' id='word_1_151' title='bbox 444 3181 516 3267; x_wconf 90' lang='lat' dir='ltr'>lege</span> <span class='ocrx_word' id='word_1_152' title='bbox 541 3178 594 3245; x_wconf 88' lang='lat' dir='ltr'>vel</span> <span class='ocrx_word' id='word_1_153' title='bbox 619 3177 749 3265; x_wconf 88' lang='lat' dir='ltr'>publica</span> <span class='ocrx_word' id='word_1_154' title='bbox 776 3174 925 3262; x_wconf 90' lang='lat' dir='ltr'>opinione</span> <span class='ocrx_word' id='word_1_155' title='bbox 944 3174 1083 3260; x_wconf 90' lang='lat' dir='ltr'>agnitus,</span> <span class='ocrx_word' id='word_1_156' title='bbox 1108 3171 1164 3257; x_wconf 91' lang='lat' dir='ltr'>qui</span> <span class='ocrx_word' id='word_1_157' title='bbox 1184 3170 1293 3236; x_wconf 83' lang='lat' dir='ltr'>vocari</span> 
     </span>
     <span class='ocr_line' id='line_1_21' title="bbox 270 3286 1292 3405; baseline -0.012 -24"><span class='ocrx_word' id='word_1_158' title='bbox 270 3286 369 3405; x_wconf 83' lang='lat' dir='ltr'>possit</span> <span class='ocrx_word' id='word_1_159' title='bbox 390 3324 484 3380; x_wconf 80' lang='lat' dir='ltr'>statua</span> <span class='ocrx_word' id='word_1_160' title='bbox 504 3312 676 3377; x_wconf 90' lang='lat' dir='ltr'>liberorum</span> <span class='ocrx_word' id='word_1_161' title='bbox 700 3308 904 3385; x_wconf 89' lang='lat' dir='ltr'>naturalium,</span> <span class='ocrx_word' id='word_1_162' title='bbox 932 3328 1026 3371; x_wconf 91' lang='lat' dir='ltr'>sensu</span> <span class='ocrx_word' id='word_1_163' title='bbox 1048 3304 1115 3371; x_wconf 83' lang='lat' dir='ltr'>soil.</span> <span class='ocrx_word' id='word_1_164' title='bbox 1129 3326 1192 3387; x_wconf 91' lang='lat' dir='ltr'>quo</span> <span class='ocrx_word' id='word_1_165' title='bbox 1202 3302 1292 3369; x_wconf 87' lang='lat' dir='ltr'>illam</span> 
     </span>
    </p>
   </div>
   <div class='ocr_carea' id='block_1_6' title="bbox 274 3437 1294 3536">
    <p class='ocr_par' dir='ltr' id='par_1_6' title="bbox 274 3437 1294 3536">
     <span class='ocr_line' id='line_1_22' title="bbox 274 3437 1294 3536; baseline -0.013 -22"><span class='ocrx_word' id='word_1_166' title='bbox 274 3447 453 3536; x_wconf 85' lang='lat' dir='ltr'>significare</span> <span class='ocrx_word' id='word_1_167' title='bbox 484 3445 619 3512; x_wconf 91' lang='lat' dir='ltr'>solemus</span> <span class='ocrx_word' id='word_1_168' title='bbox 641 3443 767 3509; x_wconf 87' lang='lat' dir='ltr'>civilem</span> <span class='ocrx_word' id='word_1_169' title='bbox 794 3440 1017 3517; x_wconf 89' lang='lat' dir='ltr'>conditionem,</span> <span class='ocrx_word' id='word_1_170' title='bbox 1051 3459 1156 3521; x_wconf 87' lang='lat' dir='ltr'>aqua</span> <span class='ocrx_word' id='word_1_171' title='bbox 1175 3437 1294 3524; x_wconf 90' lang='lat' dir='ltr'>pendet</span> 
     </span>
    </p>
   </div>
   <div class='ocr_carea' id='block_1_7' title="bbox 249 3592 1290 4037">
    <p class='ocr_par' dir='ltr' id='par_1_7' title="bbox 249 3592 1290 4037">
     <span class='ocr_line' id='line_1_23' title="bbox 313 3592 1290 3670; baseline -0.013 -12"><span class='ocrx_word' id='word_1_172' title='bbox 313 3608 320 3632; x_wconf 92' lang='lat'><strong>¹</strong></span> <span class='ocrx_word' id='word_1_173' title='bbox 356 3602 421 3670; x_wconf 89' lang='lat' dir='ltr'>„De</span> <span class='ocrx_word' id='word_1_174' title='bbox 438 3600 614 3669; x_wconf 81' lang='lat' dir='ltr'>afstamming</span> <span class='ocrx_word' id='word_1_175' title='bbox 630 3615 685 3652; x_wconf 83' lang='lat' dir='ltr'>ran</span> <span class='ocrx_word' id='word_1_176' title='bbox 704 3598 800 3665; x_wconf 76' lang='lat' dir='ltr'>wettz&#39;qe</span> <span class='ocrx_word' id='word_1_177' title='bbox 818 3596 951 3651; x_wconf 84' lang='lat' dir='ltr'>kinderen</span> <span class='ocrx_word' id='word_1_178' title='bbox 969 3592 1057 3649; x_wconf 84' lang='lat' dir='ltr'>werdt</span> <span class='ocrx_word' id='word_1_179' title='bbox 1075 3592 1200 3645; x_wconf 85' lang='lat' dir='ltr'>bewezen</span> <span class='ocrx_word' id='word_1_180' title='bbox 1218 3592 1290 3645; x_wconf 87' lang='lat' dir='ltr'>door</span> 
     </span>
     <span class='ocr_line' id='line_1_24' title="bbox 274 3682 1288 3763; baseline -0.012 -14"><span class='ocrx_word' id='word_1_181' title='bbox 274 3697 308 3750; x_wconf 91' lang='lat' dir='ltr'>de</span> <span class='ocrx_word' id='word_1_182' title='bbox 337 3694 420 3748; x_wconf 82' lang='lat' dir='ltr'>akten</span> <span class='ocrx_word' id='word_1_183' title='bbox 449 3711 505 3747; x_wconf 79' lang='lat' dir='ltr'>ran</span> <span class='ocrx_word' id='word_1_184' title='bbox 534 3692 685 3763; x_wconf 86' lang='lat' dir='ltr'>geboorte‚</span> <span class='ocrx_word' id='word_1_185' title='bbox 714 3688 743 3742; x_wconf 90' lang='lat' dir='ltr'>in</span> <span class='ocrx_word' id='word_1_186' title='bbox 761 3690 796 3742; x_wconf 88' lang='lat' dir='ltr'>de</span> <span class='ocrx_word' id='word_1_187' title='bbox 812 3688 938 3759; x_wconf 88' lang='lat' dir='ltr'>registers</span> <span class='ocrx_word' id='word_1_188' title='bbox 955 3703 1010 3739; x_wconf 83' lang='lat' dir='ltr'>van</span> <span class='ocrx_word' id='word_1_189' title='bbox 1028 3685 1081 3737; x_wconf 88' lang='lat' dir='ltr'>den</span> <span class='ocrx_word' id='word_1_190' title='bbox 1099 3682 1288 3755; x_wconf 88' lang='lat' dir='ltr'>burgerlijken</span> 
     </span>
     <span class='ocr_line' id='line_1_25' title="bbox 271 3777 1288 3859; baseline -0.012 -15"><span class='ocrx_word' id='word_1_191' title='bbox 271 3789 353 3844; x_wconf 72' lang='lat' dir='ltr'>aaut</span> <span class='ocrx_word' id='word_1_192' title='bbox 382 3786 581 3859; x_wconf 85' lang='lat' dir='ltr'>ingesehreven.</span> <span class='ocrx_word' id='word_1_193' title='bbox 617 3784 662 3855; x_wconf 87' lang='lat' dir='ltr'>Bij</span> <span class='ocrx_word' id='word_1_194' title='bbox 689 3782 809 3854; x_wconf 78' lang='lat' dir='ltr'>gebrelse</span> <span class='ocrx_word' id='word_1_195' title='bbox 838 3800 893 3837; x_wconf 88' lang='lat' dir='ltr'>van</span> <span class='ocrx_word' id='word_1_196' title='bbox 920 3782 1069 3851; x_wconf 83' lang='lat' dir='ltr'>aoodanige</span> <span class='ocrx_word' id='word_1_197' title='bbox 1097 3778 1180 3833; x_wconf 83' lang='lat' dir='ltr'>akten</span> <span class='ocrx_word' id='word_1_198' title='bbox 1199 3777 1221 3832; x_wconf 87' lang='lat' dir='ltr'>is</span> <span class='ocrx_word' id='word_1_199' title='bbox 1239 3778 1288 3832; x_wconf 88' lang='lat' dir='ltr'>het</span> 
     </span>
     <span class='ocr_line' id='line_1_26' title="bbox 249 3870 1227 3953; baseline -0.014 -17"><span class='ocrx_word' id='word_1_200' title='bbox 249 3878 256 3892; x_wconf 86' lang='lat'><em>‘</em></span> <span class='ocrx_word' id='word_1_201' title='bbox 274 3880 438 3953; x_wconf 83' lang='lat' dir='ltr'>ongestoord</span> <span class='ocrx_word' id='word_1_202' title='bbox 460 3878 534 3934; x_wconf 88' lang='lat' dir='ltr'>bezit</span> <span class='ocrx_word' id='word_1_203' title='bbox 552 3892 607 3929; x_wconf 80' lang='lat' dir='ltr'>van</span> <span class='ocrx_word' id='word_1_204' title='bbox 625 3876 678 3929; x_wconf 90' lang='lat' dir='ltr'>den</span> <span class='ocrx_word' id='word_1_205' title='bbox 696 3882 769 3929; x_wconf 79' lang='lat' dir='ltr'>staat</span> <span class='ocrx_word' id='word_1_206' title='bbox 787 3891 841 3928; x_wconf 84' lang='lat' dir='ltr'>van</span> <span class='ocrx_word' id='word_1_207' title='bbox 859 3876 942 3943; x_wconf 60' lang='lat' dir='ltr'>wetti}</span> <span class='ocrx_word' id='word_1_208' title='bbox 960 3873 1028 3927; x_wconf 81' lang='lat' dir='ltr'>kind</span> <span class='ocrx_word' id='word_1_209' title='bbox 1044 3870 1227 3925; x_wconf 82' lang='lat' dir='ltr'>voldoende.&#39;’</span> 
     </span>
     <span class='ocr_line' id='line_1_27' title="bbox 267 3954 835 4037; baseline -0.025 -6"><span class='ocrx_word' id='word_1_210' title='bbox 267 3954 275 3971; x_wconf 85' lang='lat'><em>&#39;</em></span> <span class='ocrx_word' id='word_1_211' title='bbox 313 3974 356 4030; x_wconf 79' lang='lat' dir='ltr'>ct.</span> <span class='ocrx_word' id='word_1_212' title='bbox 380 3974 461 4027; x_wconf 80' lang='lat' dir='ltr'>enam</span> <span class='ocrx_word' id='word_1_213' title='bbox 481 3976 533 4023; x_wconf 76' lang='lat' dir='ltr'>art.</span> <span class='ocrx_word' id='word_1_214' title='bbox 552 3974 605 4023; x_wconf 80' lang='lat' dir='ltr'>aro</span> <span class='ocrx_word' id='word_1_215' title='bbox 625 3967 656 4024; x_wconf 87' lang='lat' dir='ltr'>c.</span> <span class='ocrx_word' id='word_1_216' title='bbox 676 3970 749 4037; x_wconf 78' lang='lat' dir='ltr'>Nap.</span> <span class='ocrx_word' id='word_1_217' title='bbox 831 3987 835 3993; x_wconf 90' lang='lat'>·</span> 
     </span>
    </p>
   </div>
   <div class='ocr_carea' id='block_1_8' title="bbox 0 0 1396 5092">
    <p class='ocr_par' dir='ltr' id='par_1_8' title="bbox 0 0 1396 5092">
     <span class='ocr_line' id='line_1_28' title="bbox 0 0 1396 5092; baseline 0 5"><span class='ocrx_word' id='word_1_218' title='bbox 0 0 1396 5092; x_wconf 95' lang='lat' dir='ltr'> </span> 
     </span>
    </p>
   </div>
  </div>
 </body>
</html>
