2784 5092
291 1350 340 1397 DE
362 1348 595 1410 dummodo,
622 1348 672 1395 AN
695 1346 817 1394 MATER
839 1346 972 1395 TUTRIX
994 1343 1111 1395 POSSIT
1134 1344 1214 1394 ESSE

638 1480 859 1531 BURROGATA.

287 1792 363 1881 Ipsa
383 1794 463 1882 legis
483 1802 608 1859 nostrae
628 1792 727 1858 verba
747 1792 808 1859 hac
829 1792 869 1859 de
890 1814 925 1859 re
945 1815 1003 1859 nos
1025 1792 1169 1859 indubio
1187 1815 1259 1859 ver·

245 1926 306 1993 sari
340 1936 415 1992 sunt
449 1949 565 2003 causa3
594 1924 671 1991 Art.
695 1926 761 1992 436
783 1924 824 1993 C.
848 1924 919 1993 O.¹
948 1926 1032 1991 enim
1064 1926 1259 1993 adtutelam

244 2069 301 2126 aut
326 2059 367 2124 ad
385 2069 584 2147 surrogatam
609 2059 743 2124 tutelam
766 2058 930 2147 incapaces
959 2082 1159 2139 enumerans,
1192 2082 1261 2125 ma·

246 2203 327 2259 trem
353 2194 482 2281 excipit,
503 2195 621 2282 quippe
642 2216 738 2280 quam
758 2193 800 2258 ad
821 2202 990 2280 utramque
1011 2193 1086 2279 jure
1107 2215 1174 2258 esse
1192 2192 1261 2257 ido·

245 2349 339 2393 neam
365 2327 479 2392 exinde
501 2328 716 2412 consequitur.
768 2325 840 2391 Lex
862 2325 931 2412 ipsa
953 2325 1053 2413 igitur
1070 2324 1165 2389 matri
1191 2346 1262 2389 sur-

243 2468 387 2547 rogatam
421 2460 579 2546 suscipere
612 2459 746 2525 tutelam
779 2461 961 2547 permittere
990 2460 1128 2525 videtur.
1188 2458 1272 2523 Hoc·

244 2615 321 2659 vero
351 2593 481 2659 minime
506 2593 720 2680 legislatorem
745 2593 924 2681 significare
946 2593 1096 2672 voluisse,
1120 2592 1184 2657 nisi
1205 2591 1261 2657 ab·

245 2726 373 2793 surdam
384 2726 552 2793 defendere
562 2726 698 2793 velimus
707 2726 895 2805 doctrinam,
911 2726 1090 2793 existimare
1097 2725 1259 2791 debemus.

244 2858 347 2925 Nullo
358 2859 421 2923 alio
438 2859 506 2925 scil.
525 2882 613 2937 casu,
630 2869 851 2946 praeterquam
863 2858 889 2923 si
899 2868 1000 2923 mater
1009 2859 1204 2924 recusaverit
1211 2868 1263 2922 tu·

180 3030 185 3036 ·
245 2965 353 3069 telam,
377 2990 416 3056 de
437 2991 498 3057 hac
521 2993 703 3076 quaestione
725 3014 826 3058 sermo
852 3014 919 3057 esse
940 3001 1054 3078 potest.
1079 2989 1168 3073 Quid
1186 3013 1277 3056 vero

246 3124 361 3190 tutoris
379 3125 536 3212 surrogati
550 3135 597 3189 est
611 3124 751 3189 munus?
774 3124 862 3189 Num
877 3122 976 3201 aliud,
991 3145 1087 3206 quam
1104 3133 1142 3187 ut
1164 3124 1264 3188 tutori

247 3256 382 3343 gerenti,
405 3255 463 3321 ubi
481 3254 617 3333 deficiat,
638 3264 695 3319 aut
715 3271 789 3319 cum
808 3252 931 3340 pupillo
952 3252 1124 3331 contrarias
1147 3252 1264 3318 habeat

245 3409 296 3454 res
317 3385 552 3475 (tepenstrijdipc
565 3386 717 3471 belooqem
732 3384 809 3451 Art.
835 3388 899 3450 427
919 3385 959 3452 O.
981 3383 1054 3475 C.),
1073 3388 1261 3473 subrepatur,

247 3531 285 3588 ut
315 3522 384 3609 ejus
416 3529 549 3608 occupet
580 3520 688 3587 locum
717 3528 749 3585 et
772 3518 886 3607 vigilet
914 3528 951 3582 ut
983 3518 1064 3585 bene
1085 3528 1180 3604 atque
1203 3520 1264 3607 rite

231 3655 235 3659 Δ
280 3692 288 3729 ¹
311 3693 388 3761 „Tot
412 3693 449 3755 de
476 3689 588 3762 voogdij
621 3690 655 3746 of
685 3689 812 3743 toeziende
844 3685 956 3757 voogdij
984 3685 1052 3757 zijn.
1081 3685 1261 3755 onbevoegd:

247 3778 291 3839 1⁰.
320 3784 554 3857 minderjarigen3
586 3783 629 3838 2⁰.
659 3781 716 3853 aij,
744 3781 789 3836 die
816 3780 901 3835 onder
923 3778 1041 3835 curetele
1062 3778 1116 3850 zijn
1135 3778 1260 3849 gesteld3

245 3874 290 3935 3⁰.
309 3896 438 3935 vrouwen
448 3878 631 3953 ,2beltoloche
646 3874 852 3947 moeder'’;1etc.
