2784 5092
639 502 682 568 23

140 721 265 788 liberos
286 721 445 788 naturales
468 707 559 789 inter
578 733 611 790 et
629 735 775 812 parentes
791 726 867 815 jura
884 730 992 812 civilia
1016 734 1169 802 eonstitu-

140 863 257 934 antur,
289 855 375 945 quod
403 856 557 944 imprimis
587 859 788 925 tractandum
817 862 910 928 nobis
932 867 1165 950 proposuimus,

141 983 233 1051 hanc
255 987 431 1073 specialiter
462 999 638 1077 spectantes
669 993 897 1076 quaestionem,
932 1017 974 1064 an
1002 997 1168 1066 vinculum

138 1115 276 1202 aliquod
305 1119 399 1186 civile
420 1129 520 1187 exstet
539 1121 654 1188 liberos
676 1125 836 1191 naturales
855 1149 921 1191 non
945 1150 1090 1215 expresse
1109 1153 1167 1218 ag·

136 1250 227 1314 nitos
259 1250 342 1316 inter
373 1263 406 1317 et
426 1263 584 1340 parentes,
611 1255 639 1320 si
660 1255 805 1322 naturale
826 1257 992 1324 vinculum
1013 1263 1166 1329 continua

138 1394 174 1449 et
195 1397 281 1453 certa
292 1397 391 1454 status
405 1387 578 1454 liberorum
584 1389 779 1454 naturalium
787 1391 982 1476 possessione
998 1408 1160 1482 appareat.

188 1518 347 1584 Permulti
369 1519 437 1584 scil.
461 1519 554 1586 liberi
576 1520 736 1586 naturales
757 1531 857 1587 status
879 1522 992 1588 incerti
1013 1526 1048 1589 in
1084 1528 1163 1593 civi-

139 1659 207 1716 tate
238 1652 363 1729 vivunt,
396 1650 490 1716 domo
520 1650 645 1716 edueati
669 1661 765 1737 atque
788 1651 926 1718 instituti
955 1655 996 1720 ab
1023 1656 1073 1735 iis,
1107 1660 1163 1743 qui

136 1786 282 1872 ipsorum
312 1809 378 1852 esse
407 1797 553 1874 parentes
573 1809 641 1853 sese
662 1809 739 1874 prae
762 1809 797 1853 se
818 1787 938 1867 ferunt,
974 1791 1031 1875 qui
1045 1814 1161 1858 nomen

134 1915 276 1982 familiae
297 1940 372 1982 suae
393 1918 501 1984 liberis
521 1919 584 1986 illis
606 1885 806 1986 naturalibus
826 1919 986 2006 applicant
1003 1923 1161 2007 atquibus

133 2055 181 2120 ita
202 2052 244 2115 ab
266 2051 412 2116 omnibus
448 2052 526 2118 fides
547 2053 703 2130 habetur3
727 2053 1055 2138 atquesicreetfacto
1070 2056 1160 2141 quasi

133 2185 236 2273 agniti
268 2193 444 2252 tractantur
472 2185 565 2252 liberi
593 2185 767 2264 naturales,
791 2185 876 2250 bona
909 2184 972 2250 fide
992 2185 1158 2250 utentibus

134 2315 242 2382 liberis
264 2319 521 2405 parentibusque.
569 2318 725 2384 Attamen
747 2329 891 2406 rogatur,
915 2341 957 2384 an
975 2319 1071 2384 talem
1081 2310 1157 2384 oon·

25 2491 27 2494 -
135 2450 287 2518 ditionem
303 2454 358 2540 jus
381 2455 474 2520 civile
494 2477 594 2542 aeque
604 2465 733 2521 tueatur
742 2464 775 2520 et
784 2455 938 2522 sustineat
947 2465 1043 2540 atque
1052 2454 1152 2532 illam,

135 2607 216 2670 quae
248 2596 295 2652 est
326 2588 496 2675 agnitionis
517 2588 578 2654 rite
615 2597 648 2654 et
674 2587 816 2675 legitime
857 2586 983 2652 habitae
1003 2586 1155 2670 sequela?

40 2791 45 2798 ,
135 2717 271 2784 Minime
303 2743 472 2808 agnoscere
501 2721 588 2786 hunc
610 2730 728 2786 statum
750 2718 901 2786 Codioem
910 2727 1054 2784 nostrum
1065 2716 1154 2784 Civi-

133 2850 196 2916 lem
218 2853 327 2938 paucis
349 2853 512 2918 ostendere
531 2853 740 2920 conabimur.

177 2982 212 3048 A
222 2984 329 3062 variis,
342 2985 397 3068 qui
407 2986 491 3050 hanc
500 2994 676 3050 tractarunt
685 2983 860 3062 materiem,
878 2982 1071 3059 auctoribus,
1088 2990 1152 3046 tres

133 3118 272 3184 diversae
282 3117 494 3184 defenduntur
504 3119 676 3184 sententiae
688 3143 697 3196 ;
710 3118 765 3184 alii
775 3128 970 3184 constantem
978 3117 1151 3182 liberorum

136 3251 327 3315 naturalium
353 3259 452 3316 status
485 3251 712 3338 possessionem
744 3250 826 3316 nihil
845 3250 929 3316 circa
949 3248 1180 3344 filiationem,⁸

134 3405 234 3467 neque
259 3404 335 3470 erga
362 3392 507 3462 matrem,
539 3405 642 3469 neque
672 3405 749 3470 erga
780 3392 904 3470 patrem
938 3382 1071 3467 probare
1108 3387 1146 3457 ¹;

167 3598 175 3631 ¹
200 3597 244 3652 Of.
263 3612 416 3665 romarus,
435 3597 476 3666 ΙΙ,
496 3616 540 3652 no.
561 3601 713 3652 aso-971.
732 3596 884 3665 macari,
905 3595 945 3664 ΙΙ,
966 3595 1003 3648 ad
1021 3599 1073 3648 art.
1093 3599 1144 3648 841

133 3691 212 3760 C·N.,
224 3697 271 3744 nt.
284 3695 308 3744 6.
322 3689 568 3760 narranaam,
582 3707 610 3762 p.
621 3696 683 3759 430,
698 3694 785 3761 5570,
796 3691 844 3744 n⁰.
855 3695 882 3743 2.
893 3702 1028 3756 nomnen,
1039 3705 1067 3760 p.
1081 3691 1144 3753 414,

67 3787 71 3794 “
132 3788 279 3840 stt-528.
308 3797 434 3851 oounorr,
454 3789 542 3854 quest.
561 3784 597 3838 de
615 3784 658 3837 dr.
676 3782 734 3853 111,
753 3801 782 3856 p.
803 3787 866 3852 584,
887 3786 949 3837 tlo-
967 3794 1143 3846 monstrosas,

131 3877 163 3931 ad
181 3882 230 3931 art.
252 3875 397 3944 aaron,
416 3885 463 3930 no.
485 3881 510 3932 s.
530 3890 681 3946 amsans,
700 3875 740 3947 11,
760 3894 790 3949 p.
812 3881 861 3931 rra
881 3868 929 3930 n⁰·
961 3881 986 3944 1,
1010 3873 1056 3927 n⁰.
1080 3876 1143 3939 sss,
