2784 5092
608 537 649 600 25

101 766 158 822 est
189 761 216 820 ¹.
265 755 332 820 Nos
358 777 433 822 vero
465 757 510 820 ita
532 757 734 823 arbitramurz
781 757 943 846 Aquilium
966 758 1042 824 Art.
1068 762 1133 828 335

104 891 284 955 vinculum
295 891 389 956 civile
410 901 533 957 exstare
568 903 715 979 parentes
744 893 827 957 inter
865 904 898 956 et
936 892 1051 958 liberos
1076 917 1133 958 na-

105 1025 235 1088 turales
258 1025 453 1110 praescribit.
480 1024 648 1107 Quomodo
668 1026 748 1090 haec
768 1025 824 1090 fiat
844 1025 977 1110 agnitio,
1000 1047 1134 1109 sequens

103 1168 192 1234 art„
217 1158 273 1242 qui
304 1159 371 1223 sine
394 1159 504 1237 dubio,
535 1159 591 1245 qui
611 1159 714 1244 praeit
734 1168 795 1222 art.
819 1168 950 1244 spectat,
972 1157 1131 1243 exprimit.

105 1287 193 1352 Art.
230 1292 293 1355 336
329 1296 342 1334 ²
378 1292 446 1357 soil.
474 1293 529 1378 qui
549 1292 657 1357 modos
678 1292 793 1368 varios,
817 1290 924 1356 faciles
944 1289 1134 1376 agnoscendi

7 1411 9 1414 ⁵
104 1421 253 1501 exhibet,
277 1424 372 1490 hosee
393 1424 595 1503 includendo,
618 1447 726 1489 omnes
746 1423 823 1488 alios
845 1422 1010 1487 excludere
1044 1422 1136 1487 nobis

107 1555 252 1620 videtur.
299 1557 426 1622 Etenim
457 1558 491 1621 in
524 1555 769 1622 discussionibus
805 1561 817 1599 ³
852 1553 891 1618 de
918 1554 978 1617 hac
1009 1552 1136 1622 Codicis

107 1689 214 1752 nostri
221 1700 310 1774 parte
328 1689 444 1755 habitis
465 1689 652 1776 legislatoris
662 1698 750 1774 patet
758 1687 823 1752 doli
832 1686 908 1751 mali
926 1696 983 1749 aut
992 1685 1135 1754 fallaciae

109 1820 176 1884 hac
197 1801 416 1920 inremotus,
441 1822 645 1906 quamobrem
666 1820 836 1886 aduertam
856 1821 1032 1904 aeriamque
1051 1819 1135 1886 nulli

110 1953 321 2040 disputationi
358 1964 464 2042 aptam
495 1955 691 2020 voluntatem
719 1953 957 2031 enuntiandam,
990 1953 1134 2020 definitos

112 2087 280 2166 constituit
308 2087 392 2152 hano
421 2088 586 2153 manifeste
616 2089 729 2153 edendi
748 2089 868 2153 modos.
915 2088 1083 2153 Poritivam
1102 2094 1135 2153 et

115 2219 289 2304 ampliatam
330 2242 400 2284 eam
424 2243 490 2286 esse
525 2229 668 2306 oportere
702 2230 787 2286 reete
816 2220 1037 2286 animadvertit
1072 2221 1133 2286 Ni-

10 2429 13 2435 ,
112 2351 197 2416 colai
221 2356 249 2416 ⁴.

161 2487 234 2553 Lex
253 2499 370 2568 autem,
390 2513 430 2556 ne
452 2491 514 2556 hae
533 2491 573 2578 de
592 2512 627 2556 re
646 2498 753 2554 ortum
772 2487 904 2554 dubium
923 2475 1021 2574 quieti
1038 2497 1147 2573 atque'

117 2621 340 2688 existimationi
364 2625 507 2712 integrae
530 2625 724 2690 familiarum
750 2631 872 2700 noceat,
890 2621 984 2708 jubet
1015 2631 1133 2686 certam

119 2753 254 2821 formam
283 2757 336 2824 luo
364 2758 518 2837 adhiberi,
549 2781 612 2844 qua
638 2767 800 2846 appareat,
825 2755 907 2822 serio
934 2765 1029 2840 atque
1055 2775 1131 2818 con·
1197 2841 1204 2846 .

158 2995 166 3023 ¹
196 2995 240 3052 cf.
270 2997 406 3069 Regtsgel.
426 2999 509 3069 Bijbl.
532 3004 610 3068 1849,
630 3016 658 3070 p.
679 3003 731 3051 465
749 3013 812 3068 sqq.
835 3003 911 3066 etp.
934 2997 1087 3048 344-352.

161 3110 172 3143 ¹
207 3110 285 3180 „Het
303 3110 439 3166 erkennen
466 3129 518 3165 van
537 3129 587 3166 een
605 3111 756 3182 natuurlijk
773 3110 841 3163 kind
856 3109 913 3163 kan
931 3109 999 3162 door
1016 3108 1069 3162 alle
1087 3125 1134 3162 au·

124 3201 260 3258 thentieke
278 3204 361 3258 akten
390 3205 570 3276 geschiedeu‚
602 3222 729 3258 wanneer
758 3203 835 3256 zulks
852 3201 909 3255 niet
926 3202 1002 3254 reeds
1031 3199 1083 3282 bij‘
1100 3201 1134 3254 de
1211 3214 1214 3220 ·

126 3296 188 3349 alite
216 3315 270 3352 van
297 3299 446 3369 geboorte‚
478 3301 510 3354 of
536 3306 579 3353 ter
608 3297 786 3370 gelegenbeid
804 3314 858 3349 van
876 3295 922 3348 het
942 3309 1067 3363 nangann
1087 3292 1135 3348 des

126 3389 287 3461 huwelijks‚
318 3392 426 3461 geduan
453 3392 485 3446 is.
517 3391 675 3461 Zoodanige
706 3388 859 3458 erkenning
886 3383 943 3440 kan
973 3385 1027 3439 ook
1045 3386 1134 3456 planta

127 3486 229 3542 hebben
248 3489 316 3542 door
325 3505 389 3542 eene
402 3488 480 3555 alte,
500 3489 539 3559 bij
559 3488 611 3540 den
630 3471 790 3540 ambtenaar
803 3502 859 3538 ¹van
879 3485 933 3536 den
950 3478 1133 3550 burgerlijken

127 3585 203 3637 stand
222 3583 397 3654 opgemaakt‚
417 3598 450 3635 en
469 3582 498 3636 in
516 3583 550 3637 de
567 3587 692 3652 registers
709 3579 921 3651 ingesehreveu,
951 3592 987 3644 op
1005 3575 1039 3627 de
1057 3573 1134 3644 wijze

128 3677 163 3732 als
173 3677 211 3749 bij
229 3685 283 3732 nrt.
304 3684 338 3732 38
357 3677 473 3750 bepaald
490 3675 542 3731 is.”

166 3815 176 3851 ³
197 3815 242 3872 cf.
262 3816 546 3889 voououru,11‚p.
566 3800 716 3868 oss-556.
763 3829 768 3838 ’

165 3929 175 3964 ⁸
196 3926 240 3982 Cf.
265 3945 437 4001 rodanum,
456 3933 496 4003 11,
517 3949 543 4004 p.
566 3937 627 3986 556.
