2784 5092
297 1393 346 1439 AX
377 1392 507 1439 uem
538 1388 758 1437 mmm
787 1388 927 1435 mmm
957 1389 1207 1439 nmmos

371 1524 514 1571 Aeums
543 1520 776 1569 mm
805 1520 978 1569 mom
1005 1523 1116 1569 Dm.

283 1837 400 1914 Cures,
430 1836 547 1921 quibus
574 1849 721 1920 parentes
747 1834 919 1898 liberorum
950 1856 1058 1899 amore
1085 1835 1262 1921 compulsi,

236 1996 291 2037 eos
315 1970 464 2057 prosequi
490 1968 604 2045 solent,
630 1967 710 2031 dum
736 1968 880 2032 virentes
906 1967 1035 2045 adsunt,
1063 1967 1160 2033 etium
1186 1980 1265 2055 post

235 2116 372 2169 mortem
396 2126 488 2167 suam
507 2102 547 2165 iis
570 2100 681 2178 tn'bui,
705 2101 739 2163 in
761 2124 871 2165 eorum
890 2102 974 2165 votis
993 2112 1053 2165 est.
1090 2101 1140 2167 Ut
1159 2125 1262 2187 quam

234 2239 372 2304 maxime
405 2236 579 2299 liberorum
612 2234 709 2297 saluti
742 2234 804 2319 ipsi
835 2258 926 2298 suam
961 2256 1081 2299 navare
1115 2236 1262 2321 poterint

233 2393 374 2456 operam,
405 2368 524 2453 quippe
549 2368 605 2451 qui
629 2367 828 2452 potissimum
852 2380 885 2431 et
908 2367 1022 2433 intimo
1048 2369 1156 2433 animo
1178 2368 1260 2435 huic

233 2502 424 2567 incumbunt
449 2499 509 2577 rei,
539 2523 559 2564 u
585 2500 766 2586 legislatore
792 2512 912 2579 uestro,
942 2504 1065 2589 patriae
1090 2506 1258 2589 potestatis

233 2647 396 2720 tamquam
424 2632 551 2718 sequela
566 2631 750 2719 parentibus
774 2646 820 2699 est
845 2634 980 2699 facultas
1000 2636 1132 2714 tributa,
1160 2648 1266 2702 testa..

235 2781 344 2837 mento
361 2769 471 2835 liberis
491 2768 557 2833 suis
576 2778 726 2846 tutorem,
746 2770 888 2855 ipsorum
908 2782 1117 2857 oocupantem
1134 2772 1256 2850 locum,

237 2902 335 2967 dandi
352 2901 447 2988 (Art.
466 2903 531 2967 409
551 2900 592 2967 C.
613 2900 674 2989 C.)
692 2906 724 2979 ¹;
747 2903 804 2967 ubi
824 2904 943 2968 scilieet
960 2904 1080 2969 tutelae
1095 2905 1261 2991 legitimae

236 3035 373 3122 emplius
396 3035 485 3099 locus
509 3058 577 3100 esse
595 3036 707 3119 nequit
727 3034 822 3121 (Art.
844 3038 910 3101 400
933 3036 974 3103 C.
999 3036 1060 3127 C.)
1077 3042 1106 3101 ².
1144 3036 1203 3102 An
1223 3038 1259 3103 id

236 3168 342 3255 ipsum
362 3168 459 3232 etiarn
476 3166 579 3231 voluit
597 3168 759 3255 legislator
775 3167 815 3232 de
832 3169 1017 3254 parentibus
1035 3170 1258 3235 naturalibus?

273 3374 283 3405 ¹
308 3369 375 3437 „De
401 3366 606 3438 langstleveude
633 3366 683 3419 der
709 3367 806 3421 eudem
837 3367 924 3421 ulleeu
953 3368 1029 3421 heeft
1051 3368 1099 3423 het
1123 3376 1186 3439 regt
1210 3387 1256 3424 om

237 3480 322 3517 eeueu
340 3462 433 3532 roogd
450 3476 517 3513 over
533 3457 605 3529 zijne
623 3458 818 3530 miuderjurlge
835 3459 968 3514 kindereu
985 3472 1014 3515 te
1032 3462 1214 3515 benoemen.”

276 3549 288 3580 ²
310 3557 380 3626 „Nu
407 3556 442 3609 de
469 3552 634 3624 outbiuding
654 3570 709 3606 run
727 3553 773 3607 het
791 3553 930 3624 huuelijk,
950 3555 1019 3609 door
1036 3556 1090 3609 deu
1107 3556 1182 3611 deod
1201 3572 1257 3611 vau

236 3656 295 3701 eeu·
315 3647 364 3700 der
380 3644 579 3715 echtgeuooteu
596 3642 786 3710 verounum,
809 3642 924 3696 behourt
942 3644 975 3697 de
992 3644 1105 3715 voogtlij
1125 3646 1174 3697 der
1186 3644 1256 3698 min·

236 3738 373 3811 derjerige
398 3738 531 3793 kindereu
558 3753 613 3789 vau
642 3743 792 3807 mgteuege
823 3752 876 3789 auu
904 3737 957 3790 deu
983 3737 1188 3807 langstlereude
1207 3738 1256 3791 der
1301 3774 1305 3782 -

235 3833 362 3888 σώθηθ’
