2784 5092
763 554 804 617 66

265 799 360 842 curae
393 762 530 839 habendi
569 795 637 839 csse
660 772 847 839 licentiam?
888 771 988 861 Quid,
1013 783 1050 839 ut
1071 775 1149 873 huic
1169 778 1302 843 satisfiat

266 922 394 975 naturae
422 906 555 993 jussui,
586 907 729 984 interest,
754 916 864 973 utrum
886 907 950 971 sint
971 907 1106 997 legitimi
1128 908 1235 988 liberi,
1261 934 1299 976 an

266 1042 441 1119 naturales,
483 1041 656 1107 exsistente
685 1041 851 1127 sanguinis
874 1040 1030 1109 vinculo?
1076 1042 1159 1125 Quis
1185 1044 1299 1109 melius

269 1175 445 1258 utiliusque
476 1173 563 1239 hisce
597 1174 776 1259 prospicere
798 1175 930 1261 posset?
977 1172 1042 1241 Ast
1072 1176 1098 1239 si
1131 1176 1297 1244 videamus

269 1308 375 1393 ipsum
398 1307 550 1373 Codicem
566 1317 729 1386 nostrum,
747 1307 788 1373 all
810 1317 981 1395 negantem
1003 1307 1196 1376 solutionem
1205 1310 1293 1381 hisce

270 1442 366 1506 valde
388 1407 590 1507 inhaeremus
613 1441 831 1528 argumentis:

317 1577 364 1638 1⁰.
397 1574 439 1639 In
460 1575 525 1638 fine
548 1573 744 1652 Sentianum,
771 1573 913 1657 quaeda
941 1572 1065 1639 duabus
1091 1574 1213 1640 tutelae
1238 1598 1294 1663 ge-

269 1710 408 1773 neribusv
432 1712 545 1796 agunt,
571 1709 704 1795 legitima
726 1719 821 1793 atque
844 1710 957 1786 (latiori,
983 1706 1085 1795 (Sect.
1109 1708 1165 1773 III
1187 1720 1221 1774 et
1244 1711 1289 1789 V,

271 1842 337 1908 Tit.
362 1843 482 1931 XVI.)
505 1842 649 1928 specialis
666 1843 831 1907 invenitur
840 1842 1018 1937 dispositio,
1029 1840 1113 1927 quae
1125 1843 1290 1910 hancma·

272 1976 384 2041 teriam
411 1976 450 2039 de
471 1974 657 2060 parentibus
679 1974 872 2039 cantatibus
894 1974 1029 2062 ordinat.
1078 1974 1119 2039 Iu
1142 1974 1290 2043 Sectionc
1365 1968 1368 1975 ¹

232 2114 235 2120 '
275 2132 362 2187 vero,
388 2110 644 2205 testamentariam
665 2108 814 2171 tractanti
837 2104 981 2186 tutelam,
1005 2106 1087 2171 nihil
1101 2108 1192 2173 illam
1207 2110 1292 2175 circa

272 2243 313 2308 de
335 2244 525 2309 naturalibus
546 2240 731 2331 parentibus
754 2253 801 2307 est
823 2240 1103 2321 statutumsunde
1114 2254 1225 2331 patere
1235 2270 1293 2312 110·

273 2371 323 2437 bis
345 2374 483 2452 videtur,
508 2374 696 2461 legislatoris
719 2376 880 2441 silentium
903 2376 1031 2440 omnino
1046 2376 1185 2442 essehoc
1200 2400 1294 2443 sensu
1383 2452 1384 2465 χ

273 2504 558 2592 interpretandum,
592 2517 630 2570 ut
651 2528 750 2593 grave
772 2507 853 2572 illud
874 2509 1059 2594 nuptiarum
1081 2518 1207 2573 tantum
1229 2510 1295 2597 pri·
1382 2494 1384 2507 ⁴

208 2718 211 2723 ·
276 2635 431 2722 vilegium
453 2637 592 2723 legitimis
613 2638 781 2704 decernere
803 2640 882 2703 velit
903 2641 1100 2726 parentibus.
1383 2700 1384 2729 3

323 2773 371 2833 2⁰.
397 2769 473 2855 Ipsa
495 2769 572 2835 Art.
598 2773 663 2837 409
687 2771 728 2839 O.
744 2771 785 2837 0.
814 2755 912 2870 teriia
936 2774 1000 2850 „do
1016 2773 1297 2859 lonpstlevoadader
1382 2824 1384 2861 4

262 2901 414 2998 ‘ondens'
446 2903 529 2967 clare
551 2905 699 2990 probant,
729 2904 888 2991 legitimos
913 2914 1039 2974 tantum
1063 2917 1219 2994 spectasse
1240 2930 1298 2996 pa·
1382 2912 1384 2927 ²

279 3044 384 3099 sentes
416 3034 496 3101 haec
528 3036 701 3123 redigendo
729 3036 953 3123 legislatorem.
1001 3037 1076 3103 Non
1108 3040 1193 3105 enim
1221 3042 1300 3107 haec
1382 3124 1384 3139 Ι

271 3128 456 3245 sufiiciunt,
482 3167 509 3231 si
530 3179 701 3253 parentum
726 3168 922 3235 naturalium
943 3169 1102 3249 alterutri,
1120 3169 1220 3235 altero
1235 3192 1300 3235 non
1381 3208 1384 3237 t

282 3309 484 3385 agnoscente,
518 3300 613 3364 etiam
630 3300 686 3385 jus
708 3298 789 3363 illud
811 3300 880 3365 dari
903 3310 1036 3386 oportet.
1082 3300 1125 3365 Et
1147 3302 1219 3386 quis
1240 3302 1301 3367 du·
1382 3246 1384 3367 l

182 3451 186 3457 ·
282 3432 374 3511 bitet,
404 3433 499 3497 matri
534 3456 564 3497 e.
599 3455 648 3519 g.,
674 3442 765 3518 patre
791 3432 885 3519 plane
907 3434 1039 3513 incerto,
1064 3444 1174 3499 utrum
1196 3437 1299 3515 vivat,
1383 3448 1384 3453 ’

284 3587 326 3630 au
364 3564 449 3629 diem
481 3564 616 3643 obierit,
650 3564 774 3630 civiliter
806 3566 967 3652 superstiti
989 3566 1073 3632 idem
1095 3569 1303 3658 committere,
1383 3564 1384 3573 ἒ

285 3696 369 3782 quod
391 3696 572 3761 annualiter
602 3695 632 3760 ei
654 3696 815 3782 superstiti
841 3692 1019 3763 tribueret?
1064 3696 1100 3765 Si
1121 3698 1229 3785 itaque
1244 3700 1303 3765 ali·

284 3838 333 3892 ter
354 3828 505 3893 voluisset
529 3827 702 3915 legislator,
722 3827 843 3909 ,clarius
868 3828 930 3899 hoc
947 3830 1141 3919 significasse
1156 3843 1298 3919 apparet.
